2003 2863
1522 203 1597 244 -11

324 355 437 396 Mas.
501 352 552 390 In
583 346 732 390 scania
762 358 847 384 non
879 341 959 381 nisi
990 341 1166 380 unicum
1199 336 1383 376 vidimus
1416 330 1684 371 individuum
1712 326 1766 369 D.
1798 336 1871 368 an-

136 411 281 469 gulon‘o
328 425 411 450 non
474 406 653 458 longius,
713 409 757 440 at
798 399 1031 449 angustius.
1073 419 1125 426 -
1184 392 1371 445 Clypeus
1406 393 1623 437 angustus,
1669 383 1871 422 albicans.

143 467 270 508 Oculi
302 466 412 504 infra
444 476 488 501 os
519 457 791 500 descendunt.
851 452 1011 492 vertex
1067 450 1268 489 albicans.
1333 443 1535 482 Antennae
1566 443 1723 492 nigrae-3
1765 437 1874 476 arti-

143 523 266 563 culus
298 519 474 558 ultimus
505 515 658 553 infimis
711 513 781 549 vix
823 508 1002 558 longior,
1037 505 1283 545 subacutus.
1347 498 1445 536 Sela
1491 493 1746 546 longissima,
1778 493 1804 530 i.
1837 503 1873 528 e.

144 576 315 628 longior
349 587 479 626 quam
512 572 553 608 in
591 566 812 620 speciebus
844 568 966 600 antea
994 559 1230 610 descriptis.
1264 555 1428 605 Corpus
1458 550 1630 597 lineare,
1650 558 1876 586 aenescens:

145 646 226 670 ano
261 631 461 669 distincte
511 624 665 663 inflexo
696 620 880 673 squamis
915 615 1086 668 pallidis
1125 611 1366 650 terminato.
1427 605 1558 645 Pedes
1603 604 1681 641 toti
1709 599 1877 654 pallidi,

146 693 312 733 tenues,
344 679 590 720 nudiusculi
623 682 777 729 praeter
816 669 1004 726 spinulas
1035 664 1241 707 tibiarum
1275 663 1510 717 paucioreS.
1557 657 1776 696 Articulus
1805 654 1879 692 ul-

147 742 276 790 timus
340 744 549 775 tarsosum
598 732 835 769 anticorum
888 725 1019 775 niger⁷
1070 732 1350 772 compressus,
1387 713 1655 754 rotundatus.
1715 712 1878 749 Nervus

152 800 332 846 quartus
360 804 470 843 pone
498 799 676 827 nervum
710 791 999 822 transversum
1046 776 1194 831 paullo
1247 775 1509 817 incurvatus,
1556 779 1634 806 nec
1683 766 1881 805 distincte

152 848 433 901 geniculatus,
462 856 600 898 prope
636 840 690 879 ad
720 849 931 876 summum
960 833 1035 874 alae
1082 831 1246 885 apicem
1275 824 1502 875 des-cendit.

294 923 402 964 Fem.

159 1039 204 1084 6.
265 1037 331 1084 D.
370 1034 641 1096 pennitawis
677 1023 1031 1078 aeneo-viridis,
1063 1018 1300 1066 antennis
1338 1015 1483 1074 apice
1520 1012 1710 1072 nigris3
1744 1009 1887 1069 pedi-

311 1104 403 1148 bns
442 1100 675 1160 pallidist
735 1095 874 1141 tibiis
915 1092 1123 1151 posticis
1165 1088 1309 1145 apice
1359 1084 1612 1139 tersisque
1648 1078 1887 1125 omnibus

309 1171 486 1228 nigris,
533 1163 854 1212 intermediis
891 1163 942 1205 in
982 1173 1120 1203 mare
1161 1155 1222 1198 ad
1258 1153 1392 1196 basin
1431 1148 1683 1209 pennatis.

331 1256 433 1296 Mas
461 1249 507 1292 δι’
539 1252 644 1293 Fem.
718 1250 766 1287 In
812 1245 1093 1298 ostrogothia
1134 1236 1178 1279 &
1214 1241 1256 1278 in
1289 1239 1454 1285 scania,
1513 1247 1654 1272 mense
1685 1233 1893 1284 Augusto,

166 1316 209 1353 in
241 1311 495 1351 fructicibus
531 1307 755 1346 hortorum
791 1311 853 1342 sat
882 1302 1094 1353 frequens,
1133 1319 1185 1325 —-
1247 1294 1302 1335 D.
1335 1292 1533 1344 ungulato
1556 1289 1780 1341 saepissime
1810 1287 1894 1324 mi-

165 1385 259 1409 nor.
296 1390 349 1397 --
399 1365 585 1416 Clypeus
614 1361 682 1399 vel
720 1358 831 1397 ssavo
860 1357 1049 1395 albicans
1078 1353 1144 1392 vel
1177 1363 1346 1389 aureus,
1400 1348 1601 1385 Antennae
1649 1342 1739 1380 basi
1769 1354 1895 1380 coar-

168 1431 304 1471 ctatae,
337 1419 528 1474 pallidae:
584 1413 766 1454 articulo
800 1411 954 1449 ultimo
982 1409 1161 1447 dilatato
1183 1437 1192 1453 ,
1226 1406 1341 1456 apice
1381 1402 1616 1447 subacuto,
1646 1403 1765 1434 extus
1806 1395 1895 1433 ma-

171 1482 231 1533 gis
281 1478 472 1515 minusve
534 1469 617 1508 late
653 1471 786 1520 nigro,
841 1467 991 1504 ceteris
1050 1478 1132 1501 non
1166 1459 1359 1511 longiori.
1417 1456 1579 1506 Corpus
1609 1465 1705 1491 cum
1739 1450 1896 1488 vertice

171 1530 588 1586 cupreo-virescens:
635 1538 716 1562 ano
745 1522 872 1560 maris
903 1520 986 1558 late
1015 1517 1182 1564 inflexo,
1213 1512 1399 1565 squamis
1433 1509 1569 1549 ovatis
1590 1505 1721 1544 'albis
1751 1506 1898 1555 nigro-

173 1588 328 1630 ciliatis
409 1582 531 1620 Tarsi
561 1578 715 1632 postici·
745 1591 828 1614 una
870 1590 966 1613 cum
999 1575 1116 1626 apice
1149 1571 1352 1609 tibiarum
1380 1566 1459 1603 toti
1491 1563 1613 1613 nigri.
1679 1561 1800 1598 Tarsi
1830 1559 1900 1595 in-

174 1640 372 1683 termedii
402 1636 526 1688 nigri,
566 1635 656 1674 basi
690 1632 820 1683 magis
852 1631 1044 1667 minusve
1075 1627 1158 1665 late
1189 1622 1384 1677 plumati.
1446 1617 1576 1657 Pedes
1618 1614 1792 1668 pallidi:
1840 1612 1900 1649 ti·-

176 1699 259 1739 biis
290 1695 439 1733 crebro
481 1688 720 1742 spinulosis,
750 1684 1011 1723 intermediis
1042 1680 1257 1726 tenuibus,
1288 1675 1507 1715 subnudis.
1567 1669 1654 1710 Alae
1690 1667 1904 1722 hyalinae3

179 1764 334 1792 nervus
361 1751 539 1799 quartus
576 1741 770 1795 geniculo
801 1736 1140 1778 subrectilineali
1174 1733 1319 1779 flexus,
1351 1728 1499 1783 paullo
1547 1733 1644 1764 ante
1689 1734 1903 1762 summum

183 1807 256 1846 alae
301 1803 464 1856 apicem
510 1798 710 1836 excurrit.

294 1878 400 1920 Fam.
461 1874 635 1913 Differt:
702 1872 853 1926 clypeo
884 1868 982 1906 albo
1013 1867 1168 1913 latiori,
1204 1863 1320 1901 tibiis
1359 1859 1556 1898 omnibns
1588 1852 1904 1906 subaequalibus

186 1936 387 1976 distincte
419 1929 660 1983 spinulosis‚
690 1926 899 1976 tan-sisque
932 1922 1061 1960 nullis
1094 1919 1307 1973 plumatis.
1374 1913 1500 1952 Oculi
1534 1912 1712 1949 viventis
1750 1921 1906 1946 aureo-

188 1991 353 2031 virides.
418 1987 452 2023 A
485 1984 638 2022 femina
678 1981 732 2024 D.
764 1979 907 2020 nitidi:
953 1983 1185 2016 curvatura
1233 1972 1354 2011 nervi
1404 1966 1546 2022 quarti
1597 1979 1681 2004 non
1712 1963 1907 2002 distincte

189 2040 454 2090 rectilineali‚
499 2053 575 2078 nec
612 2035 820 2089 angulari.

195 2174 242 2218 7.
314 2156 378 2202 D.
418 2152 664 2214 popularis,
700 2144 1049 2195 aeneo-viridia
1075 2152 1412 2187 antennarum
1448 2132 1552 2179 basi
1589 2131 1912 2192 pedibusque

343 2221 576 2282 pallidis:
614 2217 758 2265 tarsis
796 2215 978 2274 nigris:
1016 2208 1338 2256 intermediis
1373 2207 1425 2250 in
1460 2215 1598 2248 mare
1629 2200 1689 2246 ad
1711 2199 1913 2260 apicem

345 2298 601 2349 pennatis.
1638 2266 1649 2279 ’

344 2368 502 2413 Dolich.
531 2363 747 2420 popularis
789 2360 1073 2401 VViedemann
1103 2357 1219 2396 Zool.
1253 2353 1380 2394 Arch.
1415 2356 1446 2393 1.
1484 2355 1515 2393 1.
1550 2365 1614 2405 70.
1649 2349 1708 2389 15.

341 2444 454 2484 Mas.
515 2442 563 2480 In
600 2438 749 2477 Scania
782 2440 945 2487 captus,
981 2447 1064 2470 una
1096 2445 1190 2471 cum
1221 2428 1498 2484 praecedente,
1530 2427 1652 2477 eique
1681 2419 1841 2470 similis,
1873 2425 1919 2458 at

203 2501 350 2558 paullo
387 2498 533 2550 major.
588 2518 640 2526 --
682 2493 869 2545 Clypeus
914 2502 1080 2526 aureus.
1152 2487 1357 2524 Antennae
1390 2482 1480 2521 basi
1510 2479 1702 2535 pallidae:
1736 2474 1921 2514 articulo

203 2557 359 2596 ultimo
392 2560 483 2592 toto
514 2550 650 2601 nigro.
715 2548 880 2598 Corpus
912 2541 1290 2581 aeneo-virescens:
1321 2552 1402 2576 ano
1433 2537 1562 2575 maris
1592 2532 1920 2582 albo-squama-

204 2620 263 2660 to,
302 2606 470 2649 inflexo.
534 2604 666 2643 Pedes
717 2600 890 2654 pallidi:
932 2598 1055 2636 tarsis
1101 2595 1240 2635 solum
1285 2590 1605 2645 nigricantibus.
1665 2588 1921 2626 Metatarsus

208 2673 351 2705 autem
383 2662 539 2718 pedum
575 2656 940 2706 intermedi0rum‚
970 2652 1124 2702 tenuis,
1158 2650 1316 2700 nudus,
1346 2646 1521 2700 reliquis
1551 2641 1744 2683 articulis
1775 2639 1922 2690 nigro-
