2077 2791
471 15 544 74 24

207 153 361 204 cisque
393 151 439 189 in
472 149 641 187 femina
671 146 766 186 alba
798 154 993 191 tectum3
1046 146 1092 184 i‘n
1137 158 1260 184 mare
1305 146 1500 186 hirsutie
1530 146 1803 195 latescente,-
1829 150 1930 188 uni·

212 211 360 250 colore
409 207 578 255 saepius
623 204 886 242 obductum:
958 202 1131 240 macula
1184 205 1397 254 utrinque
1445 206 1498 242 ad
1547 206 1670 244 basin
1717 213 1926 247 testacea.
1983 220 1988 228 ¹

212 268 380 316 corpus
413 262 563 300 subtus
595 262 797 309 nigrum:
848 272 931 297 ano
963 258 1241 309 albo-piloso.
1311 261 1445 299 Pedes
1479 262 1625 306 nigri:
1676 261 1767 300 basi
1801 261 1936 300 tibia-.

212 336 313 362 rum
344 319 453 359 alba.
517 318 624 355 Alae
658 316 889 367 hyalinae:
941 314 1162 354 nubecula
1217 315 1413 355 obsoleta
1442 317 1603 357 media.
1663 317 1935 369 Magnitudo

213 381 393 421 Muscae
426 374 699 412 vomitoriae.

220 506 295 550 15.
372 492 416 535 S.
483 485 930 530 flavocinctus
988 482 1132 544 niger
1187 484 1603 540 luteo-hirsutus,
1671 484 1941 529 abdomine

360 555 619 601 subnudo:
679 563 943 614 segmento
981 552 1197 596 secundo
1257 554 1448 597 macula
1491 554 1663 598 dorsaii
1706 556 1940 611 utuinque

360 625 555 684 trigona
612 622 922 686 singulisque
959 620 1097 680 apice
1131 622 1302 676 ssavis]
1368 623 1519 684 striga
1557 624 1746 667 alarum
1781 624 1939 666 fusce-

364 701 545 738 scente.

383 800 588 841 Eristalis
628 799 920 838 flavocinctus
964 796 1091 836 Febr.
1127 799 1248 837 Anu.
1286 811 1378 848 25²·
1413 810 1451 850 5.
1514 801 1668 839 Musca
1701 811 1939 837 nemorum

215 863 282 905 De
316 860 435 899 Geer
464 860 553 899 Ins.
585 860 622 899 6.
661 868 750 905 140.
786 863 815 892 t.
847 861 883 898 8·
925 853 961 895 f.
997 865 1044 903 19
1085 867 1203 901 vera,
1261 858 1371 905 (non
1404 858 1563 907 Linn.)

381 938 496 976 Mas
547 943 591 974 et
622 936 762 974 Fem.
825 932 1010 971 Habitat
1040 933 1085 970 in
1120 933 1274 971 Svecia
1308 933 1434 971 valde
1472 934 1697 983 frequens,
1732 933 1863 971 velox
1897 941 1943 981 et

218 994 476 1046 pipiens.-
501 992 634 1032 Oculi
664 991 908 1035 hirsuti‚in
938 1002 1057 1026 mare
1090 989 1392 1027 conniventes.
1413 995 1650 1028 Antemnae
1682 998 1725 1028 et
1758 991 1943 1041 clypeus

215 1059 267 1090 ut
297 1052 342 1088 in
367 1051 407 1089 S.
444 1050 690 1088 intricario.
758 1046 940 1090 Thorax
974 1047 1116 1094 niger,
1147 1046 1360 1095 undique,
1404 1054 1448 1084 at
1481 1060 1570 1085 non
1601 1047 1751 1094 dense,
1797 1047 1943 1085 hissa-

219 1117 316 1146 tus:
368 1106 714 1162 scutello‘inani
744 1105 872 1147 flavo,
943 1102 1172 1140 Abdomen
1204 1103 1412 1152 nigrum:
1465 1103 1639 1142 macula
1672 1106 1717 1142 in
1751 1111 1944 1154 utroque

215 1165 358 1203 latere
391 1164 608 1212 segmenti
640 1161 824 1199 secundi
855 1160 1051 1208 trigona,
1083 1169 1253 1207 magna,
1306 1157 1444 1204 lutea,
1491 1172 1601 1209 quae
1635 1162 1682 1198 in
1714 1169 1945 1210 segmento

218 1221 358 1260 tertio
406 1218 703 1270 (praesertim
753 1219 799 1254 in
850 1214 1003 1263 mare)
1066 1215 1369 1252 continuatur.
1434 1216 1672 1266 Segmenta
1714 1225 1946 1266 praeterea

224 1291 263 1320 2.
297 1290 333 1327 5.
368 1289 392 1325 4
444 1276 491 1313 in
521 1287 691 1313 summo
722 1274 844 1322 apice
874 1273 1179 1309 terminantur
1210 1270 1328 1308 linea
1363 1271 1488 1312 flava.
1552 1273 1726 1311 Venter
1759 1273 1850 1311 basi
1881 1273 1945 1310 al-

221 1334 316 1374 bus.
379 1332 516 1371 Pedes
548 1332 689 1380 nigri:
741 1327 985 1367 femoribus
1015 1327 1220 1365 omnibus
1253 1328 1376 1377 apice
1408 1329 1563 1374 flavis3
1612 1331 1790 1379 posticis
1823 1329 1948 1368 elon-

214 1385 333 1442 ‘gatis
362 1387 452 1426 basi
509 1399 680 1437 quoque
712 1387 850 1425 flavis.
913 1383 1069 1422 Tibiae
1120 1384 1272 1424 flavae.
1308 1384 1432 1433 apice
1476 1386 1647 1436 nigrae.
1710 1385 1837 1424 Tarsi
1871 1397 1947 1424 an-

221 1448 410 1486 teriores
443 1443 532 1482 basi
565 1444 715 1483 flavae.
780 1441 890 1480 Alae
924 1440 1166 1492 hyalinae:
1223 1441 1359 1489 striga
1404 1442 1551 1480 media
1583 1441 1709 1491 juxta
1735 1441 1949 1481 nervulos

223 1512 494 1544 transversos
527 1500 663 1547 fusca,
698 1499 928 1538 interdum
959 1497 1168 1543 obsoleta,
1206 1497 1280 1534 vix
1307 1496 1412 1537 ulla.

395 1592 520 1629 Var.
554 1579 607 1638 β.
655 1588 898 1627 femoribus
927 1587 1122 1626 maxima
1152 1599 1205 1624 ex
1238 1594 1364 1637 parte
1394 1586 1549 1637 nigris.

233 1723 309 1768 14.
383 1707 430 1754 S.
466 1704 696 1765 piceus
753 1700 1129 1764 nigro-piceus,
1192 1699 1404 1744 thoracis
1443 1699 1650 1744 hirsutie
1706 1702 1829 1746 flava
1885 1709 1954 1746 to·

375 1772 569 1825 nuiori3
632 1771 903 1832 segmentis
930 1770 1066 1829 apice
1102 1768 1393 1812 tenuissime
1435 1769 1584 1812 albis:
1624 1770 1821 1817 macula
1857 1770 1955 1815 ala·-

376 1857 489 1888 rum
528 1839 691 1884 media
727 1839 1072 1898 sub-quadrata
1107 1846 1321 1881 saturate
1356 1837 1515 1883 fusca.

394 1928 658 1968 Voluccella
688 1928 812 1978 picea
845 1920 1012 1967 Geoffr.
1055 1925 1145 1967 Ins.
1177 1938 1214 1966 2.

401 2009 524 2047 Mas
575 2014 618 2044 et
649 2005 791 2045 Fem.
854 2003 1041 2045 Habitat
1073 2017 1173 2043 curn
1197 2004 1494 2054 praecedente
1525 2005 1572 2042 in
1606 2003 1762 2043 Scania
1792 2002 1954 2050 rarior,

232 2069 281 2105 in
324 2066 475 2104 Svecia
507 2063 726 2113 superiori
761 2062 1056 2112 frequentior.
1088 2084 1144 2092 --
1187 2062 1337 2100 Facies
1370 2069 1413 2099 et
1436 2061 1698 2111 magnitudo
1741 2061 1783 2100 S.
1818 2059 1954 2097 flavo-

235 2123 387 2161 cincti.
454 2119 585 2158 Oculi
618 2118 784 2157 hirsuti
817 2119 863 2157 in
895 2131 1016 2156 mare
1048 2117 1350 2157 cohaerentes.
1386 2116 1582 2168 Clypeus
1612 2117 1758 2166 niger,
1790 2115 1956 2165 griseo-

235 2178 503 2229 pubescens:
547 2175 784 2214 tuberculo
836 2174 1041 2226 elongato
1087 2174 1324 2212 denudato.
1389 2173 1567 2211 Vextex
1596 2171 1951 2223 nigro-pilosus.

225 2232 418 2273 'Thorax
443 2233 602 2281 niger:
655 2231 848 2270 hirsutie
879 2231 1189 2281 griseo-flava,
1225 2231 1414 2269 minime
1447 2229 1606 2275 densa3
1653 2227 1842 2266 scutello
1867 2227 1958 2265 fer-

237 2291 437 2339 rugineo.
500 2288 730 2326 Abclomen
780 2288 973 2339 piceum,
1024 2299 1182 2337 parum
1230 2286 1494 2337 pubescens:
1549 2297 1723 2322 summo
1752 2285 1958 2335 margine

226 2350 567 2397 'segmentorum
599 2345 767 2393 postico
817 2343 950 2390 all-³03
994 2344 1254 2382 rudimento
1299 2341 1498 2381 maculae
1549 2343 1596 2379 in
1630 2347 1860 2391 segmento
1893 2351 1958 2377 so-

241 2402 385 2442 cundo
433 2401 648 2452 utrinque
694 2399 858 2441 luteae.
921 2400 1114 2440 Femora
1161 2401 1305 2452 nigra,
1339 2398 1506 2452 pilosa3
1550 2399 1721 2450 postica
1750 2396 1959 2446 elongata

1866 2451 1960 2491 basi
