2036 2890
497 149 571 204 16

380 296 535 358 striga
568 289 734 338 media
773 289 812 334 8⁶
876 282 1113 332 lateribus
1167 293 1646 347 segmentorumque
1697 286 1802 333 basi
1860 289 1923 333 al.

382 359 800 410 bo-micantibus;
866 369 1019 400 nervo
1090 354 1282 398 alarum
1340 363 1515 412 quarto
1579 354 1921 401 subarcuatim

378 432 524 483 flexo,
562 442 714 489 prope
759 423 952 485 apicem
993 432 1229 466 exeunte.

403 517 528 558 Mas
569 523 614 554 et
654 511 788 554 Fem.
847 511 883 550 E
918 508 1235 561 Vestrogothia
1266 521 1290 546 a
1320 510 1372 549 D.
1417 506 1669 560 Gyllenhal
1696 508 1930 548 nobiscum

236 578 592 619 communicata3
645 573 693 609 in
728 569 885 609 scania
940 578 1039 604 raro
1092 568 1219 604 lecta.
1256 587 1310 595 -—-
1370 564 1560 604 Habitus
1622 565 1672 603 T.
1715 567 1928 611 erinacei,

233 643 280 673 at
310 644 455 683 parva,
503 628 641 679 duplo
672 627 767 664 fere
799 624 989 662 brevior.
1029 622 1172 673 Caput
1205 621 1429 661 albicansz
1465 621 1615 658 fronte
1648 621 1799 670 paullo
1833 634 1933 672 pro·

235 689 424 734 minula‚
452 686 612 737 clypeo
658 681 838 727 declivi,
885 677 1078 717 vibrissis
1112 677 1346 727 completis
1376 685 1555 715 armata.
1624 679 1836 716 Anvnnae
1868 680 1935 716 ni·

235 758 333 797 grae,
368 744 608 793 elongatae:
659 737 854 777 articulo
888 735 1050 773 ultimo
1082 735 1275 773 secundo
1305 732 1552 783 quadruplo
1583 732 1677 769 fere
1716 733 1932 783 longiore,

229 809 489 852 angustat03
519 805 611 836 seta
662 795 794 844 longe
822 790 1042 841 capillari.
1101 791 1270 840 Corpus
1304 789 1449 827 valide
1490 795 1699 834 setosum,
1733 791 1932 837 nigrum,

235 859 401 898 Latera
434 861 586 893 autem
616 850 812 890 thoracis
845 855 890 885 et
923 847 1058 896 striga
1090 848 1255 891 antica,
1287 852 1338 883 ut
1371 853 1415 883 et
1460 843 1571 882 basis
1599 854 1934 893 segmentorum

239 913 495 953 mediorum
525 910 784 957 interrupte
836 903 1048 941 albicant.
1116 902 1256 942 Pedes
1298 908 1341 938 et
1374 900 1615 939 scutellum
1650 903 1788 951 nigro.
1849 901 1936 941 Alae

239 968 482 1020 nigredine
517 966 591 1003 vix
626 965 807 1001 tinctae:
857 972 997 997 nervo
1029 966 1188 1007 quarto
1212 959 1430 996 arcuatim
1466 957 1582 995 flexo
1619 965 1663 994 et
1701 970 1800 995 curn
1835 970 1935 995 ner·

237 1030 292 1064 vo
326 1023 483 1064 costali
513 1021 694 1072 propius
729 1020 783 1058 ad
816 1017 989 1066 apicem
1020 1027 1239 1052 connexo.
1302 1016 1490 1064 Squama
1522 1012 1637 1055 alba,

251 1152 335 1198 50.
417 1135 471 1182 T.
503 1129 832 1196 allio-cingulum
868 1125 1138 1187 cylindrica
1180 1126 1319 1187 nigra
1357 1124 1539 1178 nitida;
1604 1135 1937 1171 antennarum

392 1203 602 1248 articulo
660 1201 839 1244 ultimo
906 1194 1193 1255 longissimo
1266 1194 1442 1250 valido,
1518 1194 1731 1237 thoracis
1775 1195 1939 1238 lateri-

395 1271 486 1315 bus
534 1267 915 1329 segmentisque
978 1263 1081 1306 basi
1137 1261 1598 1313 albo-micantibus3
1659 1277 1808 1306 nervo
1846 1263 1942 1306 ala.

395 1353 507 1382 rum
545 1345 721 1395 quarto
759 1330 1036 1393 angulatim
1075 1329 1198 1375 flexo
1237 1341 1308 1374 sat
1343 1329 1522 1387 procul
1560 1328 1619 1372 ab
1669 1329 1808 1388 apice
1863 1344 1941 1373 ex-

396 1414 567 1449 eunte·

417 1492 540 1532 Mas
586 1497 630 1527 et
687 1486 817 1527 Fem.
878 1484 1067 1524 Habitat
1117 1485 1165 1521 in
1221 1484 1379 1529 Scania
1427 1484 1583 1522 rarior.
1641 1506 1695 1513 -
1763 1484 1944 1524 Statura

253 1550 439 1592 omnino
473 1546 611 1586 Tach.
646 1543 827 1587 blandae‚
864 1543 995 1591 eique
1028 1540 1216 1585 similis3
1263 1542 1429 1590 species
1478 1547 1629 1577 tamen
1662 1539 1850 1580 diversa,
1887 1563 1943 1572 .-

252 1611 471 1648 Antennae
522 1603 645 1641 enirn
691 1597 928 1636 validiores
976 1608 1006 1635 s.
1043 1596 1241 1642 latiores,
1296 1595 1506 1642 lineares,
1543 1596 1690 1643 nigrae,
1723 1608 1856 1645 usque
1889 1597 1942 1635 ad

252 1664 424 1714 apicem
458 1659 608 1710 clypei
641 1662 851 1698 extensae3
904 1659 993 1690 seta
1028 1651 1174 1689 valida
1213 1651 1410 1689 breviter
1435 1652 1702 1691 acuminata.
1770 1653 1944 1691 Nervus

251 1729 426 1770 quoque
459 1715 635 1752 alarum
667 1717 848 1761 quartus
888 1707 1140 1758 angulatim
1171 1708 1346 1757 praecise
1378 1708 1583 1746 flectitur
1613 1713 1658 1744 et
1683 1719 1781 1745 curn
1806 1721 1944 1747 nervo

251 1776 389 1814 tertio
422 1773 470 1810 in
502 1771 658 1809 eodem
688 1772 856 1818 puncto
899 1771 1006 1803 ante
1053 1765 1228 1814 apicem
1262 1763 1340 1802 alae
1373 1764 1554 1805 desinit.
1621 1762 1783 1803 Cetera
1816 1772 1866 1803 ut
1899 1765 1946 1803 in

250 1829 540 1884 precedente.

253 1958 342 2004 51.
405 1942 458 1988 T.
492 1939 709 1986 mutabilis
766 1943 903 1982 ovata
943 1947 1146 1993 corpore
1195 1933 1345 1976 maris
1403 1931 1695 1992 nigricante,
1744 1931 1947 1977 feminae

412 2011 780 2057 cinerescente3
833 2001 1046 2047 vibrissis
1067 2001 1236 2056 nullis,
1260 2002 1489 2045 antennis
1516 2000 1786 2043 linearibus
1814 2001 1947 2045 elon·

409 2076 550 2134 gatis,
584 2072 720 2118 haud
758 2070 1005 2128 dilatati33
1058 2083 1210 2113 nervo
1258 2070 1448 2113 alarum
1489 2079 1662 2126 quarto
1699 2068 1950 2131 subaugu-

411 2143 554 2188 latirn
595 2141 723 2185 flexo
756 2154 907 2199 prope
948 2137 1009 2183 ad
1042 2137 1237 2196 apicem
1275 2145 1503 2186 exeunte,

431 2226 607 2269 Taclzina
637 2226 848 2268 mutabilis
898 2227 993 2265 Act.
1035 2225 1190 2264 Holm.
1226 2226 1302 2271 cit.

370 2305 496 2348 Mas
524 2315 567 2345 et
599 2304 727 2346 Fem.
754 2306 805 2344 In
837 2305 1021 2345 floribus
1050 2304 1211 2344 Scaniie
1238 2313 1387 2340 mense
1418 2301 1613 2351 Augusto
1645 2301 1866 2352 frequens.
1897 2321 1951 2335 .-

258 2363 388 2404 Inter
449 2366 642 2402 minutas
675 2360 807 2409 hujus
843 2362 1034 2400 Generis
1066 2357 1413 2402 adnumeranda,
1462 2357 1620 2407 longit.
1661 2370 1761 2408 2-5.
1788 2357 1865 2395 lin.
1896 2381 1952 2388 —

264 2420 461 2470 Clypeus
494 2420 715 2457 albicans:
766 2416 907 2467 palpis
941 2418 1098 2467 nigris,
1131 2412 1324 2451 vilirissis
1371 2414 1526 2456 nullis.
1588 2414 1725 2452 Frons
1759 2415 1950 2459 cinerea,

263 2487 345 2525 pro
378 2477 624 2514 insertione
648 2481 950 2511 antennarum
983 2472 1256 2522 prominens,
1285 2470 1403 2508 linea
1442 2470 1642 2508 verticali
1677 2471 1816 2519 nigra.
1842 2471 1954 2508 Ocu-

263 2531 300 2570 li
334 2532 499 2581 magni,
534 2532 581 2569 in
614 2541 736 2567 mare
769 2531 904 2579 magis
938 2527 1250 2579 approximati.
1319 2529 1532 2566 Antenna’
1563 2527 1708 2575 nigrat,
1756 2526 1950 2565 lineares

266 2594 533 2640 angustata:
580 2585 774 2626 articulo
807 2585 974 2625 ultimo
1025 2582 1219 2636 secundo
1267 2582 1407 2634 triplo
1464 2590 1510 2621 et
1554 2581 1675 2621 ultra
1727 2580 1949 2633 longiore,
