2049 2911
721 337 1174 386 ASILICI.

95 443 203 537 Os
258 465 517 515 haustello
553 480 734 514 corneo
777 473 1011 528 porrecto
1062 471 1228 519 valido
1277 472 1466 533 absque
1499 476 1817 543 proboscide.

92 559 138 604 A
156 574 190 603 n
205 568 224 603 t
241 574 267 602 e
283 574 318 603 n
335 573 369 602 n
383 573 409 602 a
425 572 448 603 r
465 572 566 601 um
628 571 653 599 a
671 571 694 601 r
711 568 728 600 t
745 558 799 602 ic
816 559 910 604 uli
976 560 1143 605 infimi
1174 561 1349 606 breves
1367 576 1381 622 ς
1427 566 1645 614 ultimus
1684 570 1823 616 elon-

245 635 394 686 gatus
432 625 514 668 vel
547 623 715 669 nudus
749 627 832 670 vel
872 636 981 671 seta
1013 629 1337 675 terminatuS.
1839 637 1845 640 “

92 715 345 773 Corpus
410 717 735 775 elongatum:
794 717 885 760 alis
914 718 1351 775 incumbentibus,
1391 737 1546 774 nervo
1584 727 1820 790 angulari

245 786 282 826 &
309 783 546 828 interiori
574 784 845 844 marginali
882 785 1159 831 instructi&

320 871 541 921 Corpus
593 881 720 919 saepe
794 869 1031 910 hirsutum.
1114 873 1534 918 Antennarum
1572 881 1814 922 -articulus

91 925 285 964 ultimus
319 939 341 963 e
374 926 577 977 pluribus
609 925 812 964 articulis
845 928 1005 965 intime
1037 929 1292 969 coadunatis
1326 946 1450 983 saepe
1483 944 1667 975 constat.
1722 940 1814 978 Di-

88 984 290 1021 rectio
341 996 586 1020 nervorum
633 983 680 1020 in
733 982 812 1020 alis
861 984 909 1020 in
963 985 1166 1023 omnibus
1197 986 1329 1036 hujus
1360 990 1557 1029 familiae
1589 994 1815 1042 speciebus

85 1040 183 1076 fere
216 1039 370 1076 eadem
401 1047 445 1076 et
477 1039 652 1084 similis,
687 1050 710 1075 a
741 1038 1264 1081 directione*nervorum
1293 1046 1341 1082 in
1377 1046 1584 1086 Tabaniis
1607 1062 1699 1087 non
1721 1052 1811 1089 val-

86 1095 140 1133 de
175 1096 359 1133 diversa.
424 1095 582 1144 lVIargo
635 1095 834 1131 exterior
883 1095 1028 1132 minus
1063 1100 1256 1148 magisve
1316 1102 1583 1150 spinulosus,
1619 1106 1813 1146 interior

79 1159 239 1190 autem
270 1152 316 1187 in
348 1149 572 1200 plerisque
606 1158 670 1187 sat
715 1149 925 1188 distincte
958 1151 1149 1190 ciliatus.
1216 1156 1388 1194 Nervus
1420 1159 1644 1209 angularis
1677 1175 1700 1199 e
1732 1163 1809 1201 du-

85 1207 191 1244 obus
225 1214 396 1245 constat
426 1205 644 1251 nervulis,
679 1206 754 1256 qui
777 1208 825 1244 in
850 1209 1055 1258 margine
1084 1209 1179 1248 alae
1207 1213 1459 1262 saepissime
1488 1224 1619 1254 acute
1651 1217 1808 1257 cohae-

83 1271 198 1301 rent.
270 1263 450 1302 Pedes
505 1262 656 1307 validi,
699 1263 952 1312 saepissime
983 1265 1162 1313 spinosi.

267 1343 467 1380 Larvae
517 1342 564 1381 in
618 1349 740 1378 terra
786 1341 1169 1392 metamorphosin
1214 1345 1417 1387 subeunt.
1474 1348 1694 1401 Imagines
1721 1353 1809 1393 alia

80 1398 275 1446 Insecta,
307 1398 514 1447 inprimis
548 1397 736 1447 diptera,
781 1397 1010 1435 infestant.

255 1478 441 1516 Sexus
487 1474 666 1513 differt:
712 1475 948 1515 abdomine
993 1479 1173 1517 maris
1205 1482 1491 1531 angustiore,
1533 1486 1805 1536 genitalibus

84 1536 292 1580 exsertis5
328 1531 510 1583 ungulis
542 1532 706 1570 duabus
740 1534 912 1571 corneis
945 1535 1103 1580 tectis3
1136 1535 1369 1575 abdomine
1415 1539 1648 1580 feminae
1678 1544 1804 1584 obtu-

83 1592 215 1637 siore,
266 1590 445 1635 latiore,
497 1588 678 1638 ungulis
728 1589 806 1627 sub
838 1602 920 1628 ano
951 1589 1105 1628 nullis,
1155 1592 1288 1632 Oculi
1341 1602 1505 1645 autem,
1537 1607 1726 1650 utroque
1758 1603 1806 1643 in

84 1660 208 1694 sexu,
241 1646 560 1695 dissepimento
591 1645 797 1684 verticali
829 1654 1104 1697 separantur.

86 1754 312 1798 LAPHRIA
362 1747 692 1791 Haustellum
740 1747 1075 1802 horizontale‚
1113 1750 1278 1809 palpis
1327 1751 1553 1800 hirsutis.
1610 1759 1804 1807 Anten-

232 1829 308 1859 nae
351 1813 735 1861 triartieulatae:
801 1816 1021 1864 articulo
1062 1817 1248 1862 ultimo
1288 1820 1543 1881 elongato,
1581 1825 1804 1870 subdila-

228 1890 354 1935 tato,
401 1880 598 1933 obtuso,
643 1881 795 1927 nudo.
868 1885 1064 1941 Corpus
1123 1884 1338 1943 hirtum,
1409 1889 1692 1936 femoribus
1727 1894 1803 1940 in-

227 1948 499 2005 crassatis3
555 1948 693 1992 tibiis
729 1949 939 2006 posticis
978 1951 1221 1997 incurviS.

265 2038 439 2076 Nervus
472 2035 646 2073 alarum
688 2035 1003 2086 angularis
1043 2051 1215 2089 semper
1247 2050 1410 2080 acutus.
1438 2043 1610 2085 Nervus
1642 2052 1801 2091 auxi„

75 2095 264 2133 liaris
311 2091 593 2142 longissimus
623 2090 726 2130 cum
757 2103 894 2130 nervo
941 2097 1205 2134 secundo
1237 2097 1557 2147 longituclinali
1588 2113 1650 2142 sat
1677 2115 1799 2146 arcte

77 2150 332 2190 cohaerens.
382 2150 555 2187 Nervus
618 2156 870 2198 quartus
922 2149 1263 2200 longitudinalis
1295 2155 1348 2192 ad
1377 2157 1548 2205 apicem
1581 2160 1675 2199 alae
1706 2163 1795 2201 for-

75 2217 168 2245 mat
200 2206 387 2251 furcam,
424 2203 466 2241 h.
507 2218 540 2242 e.
577 2203 682 2241 duos
715 2203 884 2242 emittit
915 2207 1138 2254 nervulos‚
1185 2221 1373 2259 quorum
1404 2212 1518 2251 alter
1545 2216 1592 2253 in
1625 2218 1797 2267 apicem

76 2263 187 2308 alae,
241 2262 356 2300 alter
408 2260 461 2298 ad
515 2261 763 2310 marginem
810 2262 1090 2301 interiorem·
1122 2268 1331 2304 excurrit.
1384 2268 1557 2308 Nervus
1608 2280 1742 2312 tran
1757 2288 1793 2313 g,

74 2332 276 2358 versus
331 2317 701 2361 ordinarius,
752 2315 869 2354 haud
903 2319 1060 2367 procul
1111 2334 1134 2357 a
1165 2324 1368 2373 margine
1422 2325 1632 2366 interiori
1664 2332 1790 2378 situs,

29 2383 36 2389 ”
74 2376 255 2425 duplex,
313 2373 366 2411 ad
423 2385 480 2410 ar
502 2386 622 2410 eam
668 2372 895 2421 duplicem
925 2374 1212 2414 discoidalem
1243 2381 1456 2428 pertinet,
1501 2396 1554 2421 ex
1586 2397 1670 2435 qua
1703 2395 1792 2427 tres

73 2431 254 2471 nervuli
286 2437 546 2468 excurrunt.
599 2430 734 2475 Hinc,
778 2430 813 2466 si
844 2441 1037 2468 nervum
1067 2434 1326 2481 angularem
1357 2438 1565 2489 excipias,
1599 2450 1792 2492 quatuor

23 2523 30 2529 .
72 2501 230 2529 nervos
264 2499 366 2526 cum
395 2487 596 2537 margine
625 2484 719 2524 alae
754 2486 966 2525 interiori
998 2488 1258 2539 conjunctos
1312 2492 1494 2533 videbis.

864 2565 958 2606 Ae
1668 2589 1702 2616 1.
1736 2576 1785 2620 L.
