<?xml version="1.0" encoding="UTF-8"?>
<!DOCTYPE html PUBLIC "-//W3C//DTD XHTML 1.0 Transitional//EN"
    "http://www.w3.org/TR/xhtml1/DTD/xhtml1-transitional.dtd">
<html xmlns="http://www.w3.org/1999/xhtml" xml:lang="en" lang="en">
 <head>
  <title>
</title>
<meta http-equiv="Content-Type" content="text/html;charset=utf-8" />
  <meta name='ocr-system' content='tesseract 3.04.00' />
  <meta name='ocr-capabilities' content='ocr_page ocr_carea ocr_par ocr_line ocrx_word'/>
</head>
<body>
  <div class='ocr_page' id='page_1' title='image "./dipterasveciae1218141826falle_0252.png"; bbox 0 0 2036 2890; ppageno 0'>
   <div class='ocr_carea' id='block_1_1' title="bbox 235 122 1923 321">
    <p class='ocr_par' dir='ltr' id='par_1_1' title="bbox 235 122 1923 321">
     <span class='ocr_line' id='line_1_1' title="bbox 511 122 583 179; baseline 0.014 -20"><span class='ocrx_word' id='word_1_1' title='bbox 511 122 583 179; x_wconf 76' lang='lat'><strong>3&#39;0</strong></span> 
     </span>
     <span class='ocr_line' id='line_1_2' title="bbox 235 250 1923 321; baseline 0.007 -26"><span class='ocrx_word' id='word_1_2' title='bbox 235 261 287 321; x_wconf 67' lang='grc' dir='ltr'><strong>β,</strong></span> <span class='ocrx_word' id='word_1_3' title='bbox 361 258 539 307; x_wconf 70' lang='lat' dir='ltr'><strong>Nervus</strong></span> <span class='ocrx_word' id='word_1_4' title='bbox 609 255 772 300; x_wconf 75' lang='lat' dir='ltr'><strong>alarum</strong></span> <span class='ocrx_word' id='word_1_5' title='bbox 806 256 993 313; x_wconf 77' lang='lat' dir='ltr'><strong>quartus</strong></span> <span class='ocrx_word' id='word_1_6' title='bbox 1023 264 1106 313; x_wconf 76' lang='lat' dir='ltr'><strong>per</strong></span> <span class='ocrx_word' id='word_1_7' title='bbox 1145 250 1368 300; x_wconf 73' lang='lat' dir='ltr'><strong>nervulum</strong></span> <span class='ocrx_word' id='word_1_8' title='bbox 1398 253 1640 306; x_wconf 77' lang='lat' dir='ltr'><strong>subrectum</strong></span> <span class='ocrx_word' id='word_1_9' title='bbox 1674 271 1923 307; x_wconf 68' lang='lat' dir='ltr'><strong>excurrens,</strong></span> 
     </span>
    </p>
   </div>
   <div class='ocr_carea' id='block_1_2' title="bbox 243 363 1926 498">
    <p class='ocr_par' dir='ltr' id='par_1_2' title="bbox 243 363 1926 498">
     <span class='ocr_line' id='line_1_3' title="bbox 243 363 1926 431; baseline 0.005 -19"><span class='ocrx_word' id='word_1_10' title='bbox 243 375 322 421; x_wconf 77' lang='lat'><strong>61,</strong></span> <span class='ocrx_word' id='word_1_11' title='bbox 401 373 454 418; x_wconf 90' lang='lat' dir='ltr'><strong>T.</strong></span> <span class='ocrx_word' id='word_1_12' title='bbox 493 375 681 413; x_wconf 77' lang='lat' dir='ltr'><strong>aestuans</strong></span> <span class='ocrx_word' id='word_1_13' title='bbox 743 363 883 426; x_wconf 78' lang='lat' dir='ltr'><strong>nigra</strong></span> <span class='ocrx_word' id='word_1_14' title='bbox 918 364 1122 412; x_wconf 79' lang='lat' dir='ltr'>thorace</span> <span class='ocrx_word' id='word_1_15' title='bbox 1154 366 1379 413; x_wconf 77' lang='lat' dir='ltr'>lineatim</span> <span class='ocrx_word' id='word_1_16' title='bbox 1415 367 1783 431; x_wconf 78' lang='lat' dir='ltr'><strong>abdominequo</strong></span> <span class='ocrx_word' id='word_1_17' title='bbox 1823 388 1926 420; x_wconf 84' lang='lat' dir='ltr'><strong>ma-</strong></span> 
     </span>
     <span class='ocr_line' id='line_1_4' title="bbox 387 433 1889 498; baseline 0.003 -18"><span class='ocrx_word' id='word_1_18' title='bbox 387 435 588 483; x_wconf 75' lang='lat' dir='ltr'><strong>culatim</strong></span> <span class='ocrx_word' id='word_1_19' title='bbox 623 433 900 478; x_wconf 80' lang='lat' dir='ltr'>albicante:</span> <span class='ocrx_word' id='word_1_20' title='bbox 962 448 1073 489; x_wconf 76' lang='lat' dir='ltr'><strong>auo,</strong></span> <span class='ocrx_word' id='word_1_21' title='bbox 1106 435 1341 482; x_wconf 78' lang='lat' dir='ltr'><strong>lateribus</strong></span> <span class='ocrx_word' id='word_1_22' title='bbox 1397 439 1715 498; x_wconf 77' lang='lat' dir='ltr'><strong>scutelloque</strong></span> <span class='ocrx_word' id='word_1_23' title='bbox 1752 441 1889 486; x_wconf 77' lang='lat' dir='ltr'><strong>rufis.</strong></span> 
     </span>
    </p>
   </div>
   <div class='ocr_carea' id='block_1_3' title="bbox 222 519 1927 1380">
    <p class='ocr_par' dir='ltr' id='par_1_3' title="bbox 230 519 1923 633">
     <span class='ocr_line' id='line_1_5' title="bbox 415 519 1923 580; baseline 0.003 -16"><span class='ocrx_word' id='word_1_24' title='bbox 415 519 592 564; x_wconf 67' lang='lat' dir='ltr'><strong>Tachinct</strong></span> <span class='ocrx_word' id='word_1_25' title='bbox 641 526 821 563; x_wconf 72' lang='lat' dir='ltr'><strong>aestuans</strong></span> <span class='ocrx_word' id='word_1_26' title='bbox 872 522 966 562; x_wconf 83' lang='lat' dir='ltr'><strong>Act.</strong></span> <span class='ocrx_word' id='word_1_27' title='bbox 1010 521 1163 562; x_wconf 88' lang='lat' dir='ltr'><strong>Holm.</strong></span> <span class='ocrx_word' id='word_1_28' title='bbox 1201 523 1278 561; x_wconf 87' lang='lat' dir='ltr'><strong>cit.</strong></span> <span class='ocrx_word' id='word_1_29' title='bbox 1322 521 1441 565; x_wconf 76' lang='lat' dir='ltr'><em>Tach.</em></span> <span class='ocrx_word' id='word_1_30' title='bbox 1481 539 1508 578; x_wconf 86' lang='lat'>4</span> <span class='ocrx_word' id='word_1_31' title='bbox 1547 525 1764 580; x_wconf 81' lang='lat' dir='ltr'><em>pustulata</em></span> <span class='ocrx_word' id='word_1_32' title='bbox 1795 525 1923 569; x_wconf 80' lang='lat' dir='ltr'><strong>Fabr.</strong></span> 
     </span>
     <span class='ocr_line' id='line_1_6' title="bbox 230 580 552 633; baseline -0.019 -9"><span class='ocrx_word' id='word_1_33' title='bbox 230 580 353 624; x_wconf 70' lang='lat' dir='ltr'><strong>Anti.</strong></span> <span class='ocrx_word' id='word_1_34' title='bbox 388 592 480 633; x_wconf 80' lang='lat'><strong>309.</strong></span> <span class='ocrx_word' id='word_1_35' title='bbox 514 593 552 629; x_wconf 86' lang='lat'><strong>4.</strong></span> 
     </span>
    </p>

    <p class='ocr_par' dir='ltr' id='par_1_4' title="bbox 222 655 1927 1380">
     <span class='ocr_line' id='line_1_7' title="bbox 399 655 1922 712; baseline -0.001 -15"><span class='ocrx_word' id='word_1_36' title='bbox 399 656 522 697; x_wconf 86' lang='lat' dir='ltr'><strong>Mas</strong></span> <span class='ocrx_word' id='word_1_37' title='bbox 572 664 616 696; x_wconf 86' lang='lat' dir='ltr'><strong>et</strong></span> <span class='ocrx_word' id='word_1_38' title='bbox 656 655 787 698; x_wconf 83' lang='lat' dir='ltr'><strong>Fem.</strong></span> <span class='ocrx_word' id='word_1_39' title='bbox 852 657 1040 697; x_wconf 83' lang='lat' dir='ltr'>Habitat</span> <span class='ocrx_word' id='word_1_40' title='bbox 1072 658 1118 697; x_wconf 86' lang='lat' dir='ltr'><strong>in</strong></span> <span class='ocrx_word' id='word_1_41' title='bbox 1149 658 1270 698; x_wconf 86' lang='lat' dir='ltr'><strong>silvis</strong></span> <span class='ocrx_word' id='word_1_42' title='bbox 1324 666 1369 698; x_wconf 83' lang='lat' dir='ltr'><strong>et</strong></span> <span class='ocrx_word' id='word_1_43' title='bbox 1416 660 1462 697; x_wconf 89' lang='lat' dir='ltr'><strong>in</strong></span> <span class='ocrx_word' id='word_1_44' title='bbox 1493 657 1637 700; x_wconf 87' lang='lat' dir='ltr'><strong>hortis</strong></span> <span class='ocrx_word' id='word_1_45' title='bbox 1669 660 1800 712; x_wconf 84' lang='lat' dir='ltr'><strong>longe</strong></span> <span class='ocrx_word' id='word_1_46' title='bbox 1829 660 1922 699; x_wconf 67' lang='lat' dir='ltr'><strong>fre,-</strong></span> 
     </span>
     <span class='ocr_line' id='line_1_8' title="bbox 229 713 1922 767; baseline -0.001 -12"><span class='ocrx_word' id='word_1_47' title='bbox 229 715 534 767; x_wconf 76' lang='lat' dir='ltr'><strong>quentissima,</strong></span> <span class='ocrx_word' id='word_1_48' title='bbox 565 713 693 752; x_wconf 83' lang='lat' dir='ltr'><strong>valde</strong></span> <span class='ocrx_word' id='word_1_49' title='bbox 725 714 913 764; x_wconf 84' lang='lat' dir='ltr'><strong>pipiens,</strong></span> <span class='ocrx_word' id='word_1_50' title='bbox 955 717 1003 753; x_wconf 87' lang='lat' dir='ltr'><strong>in</strong></span> <span class='ocrx_word' id='word_1_51' title='bbox 1049 716 1200 764; x_wconf 84' lang='lat' dir='ltr'><strong>aprico</strong></span> <span class='ocrx_word' id='word_1_52' title='bbox 1246 715 1375 763; x_wconf 85' lang='lat' dir='ltr'><strong>Solis,</strong></span> <span class='ocrx_word' id='word_1_53' title='bbox 1422 716 1677 755; x_wconf 81' lang='lat' dir='ltr'><strong>circulatim</strong></span> <span class='ocrx_word' id='word_1_54' title='bbox 1730 717 1922 755; x_wconf 86' lang='lat' dir='ltr'><strong>volando</strong></span> 
     </span>
     <span class='ocr_line' id='line_1_9' title="bbox 227 769 1922 823; baseline 0 -14"><span class='ocrx_word' id='word_1_55' title='bbox 227 773 352 823; x_wconf 81' lang='lat' dir='ltr'><strong>quasi</strong></span> <span class='ocrx_word' id='word_1_56' title='bbox 382 770 626 816; x_wconf 77' lang='lat' dir='ltr'><strong>lasciviens,</strong></span> <span class='ocrx_word' id='word_1_57' title='bbox 666 771 821 809; x_wconf 83' lang='lat' dir='ltr'><strong>Musca</strong></span> <span class='ocrx_word' id='word_1_58' title='bbox 846 771 1089 810; x_wconf 84' lang='lat' dir='ltr'><strong>domestica</strong></span> <span class='ocrx_word' id='word_1_59' title='bbox 1117 769 1271 820; x_wconf 84' lang='lat' dir='ltr'><strong>paullo</strong></span> <span class='ocrx_word' id='word_1_60' title='bbox 1302 771 1445 820; x_wconf 81' lang='lat' dir='ltr'><strong>major</strong></span> <span class='ocrx_word' id='word_1_61' title='bbox 1475 778 1542 821; x_wconf 84' lang='lat' dir='ltr'><strong>(et</strong></span> <span class='ocrx_word' id='word_1_62' title='bbox 1571 771 1740 822; x_wconf 83' lang='lat' dir='ltr'><strong>minor)</strong></span> <span class='ocrx_word' id='word_1_63' title='bbox 1773 773 1922 822; x_wconf 60' lang='lat' dir='ltr'><strong>smptu-</strong></span> 
     </span>
     <span class='ocr_line' id='line_1_10' title="bbox 225 824 1922 878; baseline -0.001 -11"><span class='ocrx_word' id='word_1_64' title='bbox 225 828 374 867; x_wconf 81' lang='lat' dir='ltr'><strong>latior.</strong></span> <span class='ocrx_word' id='word_1_65' title='bbox 438 826 608 876; x_wconf 80' lang='lat' dir='ltr'><strong>Corpus</strong></span> <span class='ocrx_word' id='word_1_66' title='bbox 653 824 806 864; x_wconf 83' lang='lat' dir='ltr'><strong>obtuse</strong></span> <span class='ocrx_word' id='word_1_67' title='bbox 852 834 1048 866; x_wconf 81' lang='lat' dir='ltr'><strong>ovatum.</strong></span> <span class='ocrx_word' id='word_1_68' title='bbox 1114 826 1312 878; x_wconf 80' lang='lat' dir='ltr'><strong>Clypeus</strong></span> <span class='ocrx_word' id='word_1_69' title='bbox 1359 826 1573 875; x_wconf 83' lang='lat' dir='ltr'><strong>albicans,</strong></span> <span class='ocrx_word' id='word_1_70' title='bbox 1606 829 1750 878; x_wconf 82' lang='lat' dir='ltr'><strong>palpis</strong></span> <span class='ocrx_word' id='word_1_71' title='bbox 1782 828 1922 874; x_wconf 78' lang='lat' dir='ltr'><strong>ssavis,</strong></span> 
     </span>
     <span class='ocr_line' id='line_1_11' title="bbox 227 881 1914 934; baseline -0.002 -11"><span class='ocrx_word' id='word_1_72' title='bbox 227 884 424 923; x_wconf 76' lang='lat' dir='ltr'><strong>vibtissis</strong></span> <span class='ocrx_word' id='word_1_73' title='bbox 484 882 639 921; x_wconf 80' lang='lat' dir='ltr'><strong>nullis.</strong></span> <span class='ocrx_word' id='word_1_74' title='bbox 699 881 834 920; x_wconf 86' lang='lat' dir='ltr'><strong>Oculi</strong></span> <span class='ocrx_word' id='word_1_75' title='bbox 892 884 940 922; x_wconf 90' lang='lat' dir='ltr'><strong>in</strong></span> <span class='ocrx_word' id='word_1_76' title='bbox 985 890 1179 932; x_wconf 82' lang='lat' dir='ltr'><strong>utroque</strong></span> <span class='ocrx_word' id='word_1_77' title='bbox 1226 896 1334 921; x_wconf 78' lang='lat' dir='ltr'><strong>sexu</strong></span> <span class='ocrx_word' id='word_1_78' title='bbox 1391 895 1484 920; x_wconf 88' lang='lat' dir='ltr'><strong>non</strong></span> <span class='ocrx_word' id='word_1_79' title='bbox 1522 883 1651 934; x_wconf 80' lang='lat' dir='ltr'><strong>longe</strong></span> <span class='ocrx_word' id='word_1_80' title='bbox 1685 884 1914 930; x_wconf 80' lang='lat' dir='ltr'><strong>distantes,</strong></span> 
     </span>
     <span class='ocr_line' id='line_1_12' title="bbox 226 937 1924 990; baseline -0.002 -10"><span class='ocrx_word' id='word_1_81' title='bbox 226 941 335 980; x_wconf 86' lang='lat' dir='ltr'><strong>adeo</strong></span> <span class='ocrx_word' id='word_1_82' title='bbox 364 947 412 978; x_wconf 89' lang='lat' dir='ltr'><strong>ut</strong></span> <span class='ocrx_word' id='word_1_83' title='bbox 446 937 566 976; x_wconf 83' lang='lat' dir='ltr'><strong>linea</strong></span> <span class='ocrx_word' id='word_1_84' title='bbox 598 939 779 976; x_wconf 74' lang='lat' dir='ltr'><strong>verticis</strong></span> <span class='ocrx_word' id='word_1_85' title='bbox 809 939 938 990; x_wconf 80' lang='lat' dir='ltr'><strong>nigra</strong></span> <span class='ocrx_word' id='word_1_86' title='bbox 975 947 1122 976; x_wconf 86' lang='lat' dir='ltr'><strong>toturn</strong></span> <span class='ocrx_word' id='word_1_87' title='bbox 1151 941 1337 989; x_wconf 78' lang='lat' dir='ltr'><strong>oecupet</strong></span> <span class='ocrx_word' id='word_1_88' title='bbox 1368 939 1684 982; x_wconf 75' lang='lat' dir='ltr'><strong>interstitium.</strong></span> <span class='ocrx_word' id='word_1_89' title='bbox 1751 941 1924 978; x_wconf 80' lang='lat' dir='ltr'><strong>Anten-</strong></span> 
     </span>
     <span class='ocr_line' id='line_1_13' title="bbox 224 994 1927 1047; baseline -0.002 -13"><span class='ocrx_word' id='word_1_90' title='bbox 224 1009 291 1034; x_wconf 79' lang='lat' dir='ltr'><strong>nae</strong></span> <span class='ocrx_word' id='word_1_91' title='bbox 323 998 484 1047; x_wconf 78' lang='lat' dir='ltr'><strong>nigrae3</strong></span> <span class='ocrx_word' id='word_1_92' title='bbox 530 994 749 1033; x_wconf 80' lang='lat' dir='ltr'><strong>articulus</strong></span> <span class='ocrx_word' id='word_1_93' title='bbox 783 994 970 1034; x_wconf 85' lang='lat' dir='ltr'><strong>ultimus</strong></span> <span class='ocrx_word' id='word_1_94' title='bbox 1006 995 1199 1034; x_wconf 83' lang='lat' dir='ltr'><strong>secundo</strong></span> <span class='ocrx_word' id='word_1_95' title='bbox 1231 995 1366 1044; x_wconf 85' lang='lat' dir='ltr'><strong>duplo</strong></span> <span class='ocrx_word' id='word_1_96' title='bbox 1396 995 1586 1045; x_wconf 78' lang='lat' dir='ltr'><strong>longior,</strong></span> <span class='ocrx_word' id='word_1_97' title='bbox 1635 994 1927 1033; x_wconf 81' lang='lat' dir='ltr'><strong>sublinearis:</strong></span> 
     </span>
     <span class='ocr_line' id='line_1_14' title="bbox 225 1049 1923 1101; baseline -0.002 -9"><span class='ocrx_word' id='word_1_98' title='bbox 225 1062 317 1092; x_wconf 83' lang='lat' dir='ltr'><strong>seta</strong></span> <span class='ocrx_word' id='word_1_99' title='bbox 351 1061 479 1090; x_wconf 73' lang='lat' dir='ltr'><strong>extus</strong></span> <span class='ocrx_word' id='word_1_100' title='bbox 511 1051 649 1101; x_wconf 84' lang='lat' dir='ltr'><strong>longe</strong></span> <span class='ocrx_word' id='word_1_101' title='bbox 677 1049 904 1099; x_wconf 83' lang='lat' dir='ltr'><strong>capillari.</strong></span> <span class='ocrx_word' id='word_1_102' title='bbox 963 1049 1149 1089; x_wconf 81' lang='lat' dir='ltr'>Thorax</span> <span class='ocrx_word' id='word_1_103' title='bbox 1183 1050 1521 1101; x_wconf 83' lang='lat' dir='ltr'><strong>albo-nigroque</strong></span> <span class='ocrx_word' id='word_1_104' title='bbox 1564 1052 1792 1089; x_wconf 75' lang='lat' dir='ltr'><strong>lineatus;</strong></span> <span class='ocrx_word' id='word_1_105' title='bbox 1831 1063 1923 1088; x_wconf 82' lang='lat' dir='ltr'><strong>scu-</strong></span> 
     </span>
     <span class='ocr_line' id='line_1_15' title="bbox 222 1105 1923 1158; baseline -0.002 -11"><span class='ocrx_word' id='word_1_106' title='bbox 222 1109 338 1147; x_wconf 76' lang='lat' dir='ltr'><strong>tello</strong></span> <span class='ocrx_word' id='word_1_107' title='bbox 370 1109 644 1158; x_wconf 82' lang='lat' dir='ltr'><strong>ferrugineo.</strong></span> <span class='ocrx_word' id='word_1_108' title='bbox 712 1105 945 1144; x_wconf 79' lang='lat' dir='ltr'><strong>Abdomen</strong></span> <span class='ocrx_word' id='word_1_109' title='bbox 977 1106 1131 1145; x_wconf 86' lang='lat' dir='ltr'><strong>subtus</strong></span> <span class='ocrx_word' id='word_1_110' title='bbox 1167 1108 1304 1157; x_wconf 83' lang='lat' dir='ltr'><strong>magis</strong></span> <span class='ocrx_word' id='word_1_111' title='bbox 1336 1108 1582 1155; x_wconf 76' lang='lat' dir='ltr'><strong>rufescens,</strong></span> <span class='ocrx_word' id='word_1_112' title='bbox 1613 1118 1741 1156; x_wconf 69' lang='lat' dir='ltr'><strong>supra</strong></span> <span class='ocrx_word' id='word_1_113' title='bbox 1772 1118 1923 1144; x_wconf 82' lang='lat' dir='ltr'><strong>macu-</strong></span> 
     </span>
     <span class='ocr_line' id='line_1_16' title="bbox 223 1161 1923 1212; baseline -0.003 -9"><span class='ocrx_word' id='word_1_114' title='bbox 223 1164 357 1204; x_wconf 74' lang='lat' dir='ltr'><strong>latim</strong></span> <span class='ocrx_word' id='word_1_115' title='bbox 389 1164 612 1202; x_wconf 83' lang='lat' dir='ltr'><strong>albicans:</strong></span> <span class='ocrx_word' id='word_1_116' title='bbox 664 1161 883 1200; x_wconf 83' lang='lat' dir='ltr'><strong>lateribus</strong></span> <span class='ocrx_word' id='word_1_117' title='bbox 915 1162 1060 1207; x_wconf 77' lang='lat' dir='ltr'><strong>rufis,—</strong></span> <span class='ocrx_word' id='word_1_118' title='bbox 1083 1162 1180 1200; x_wconf 78' lang='lat' dir='ltr'><strong>fero</strong></span> <span class='ocrx_word' id='word_1_119' title='bbox 1214 1162 1513 1212; x_wconf 77' lang='lat' dir='ltr'><strong>bipustulatis.</strong></span> <span class='ocrx_word' id='word_1_120' title='bbox 1575 1165 1693 1201; x_wconf 78' lang='lat' dir='ltr'><strong>Anus</strong></span> <span class='ocrx_word' id='word_1_121' title='bbox 1725 1169 1770 1200; x_wconf 81' lang='lat' dir='ltr'><strong>et</strong></span> <span class='ocrx_word' id='word_1_122' title='bbox 1801 1162 1923 1211; x_wconf 79' lang='lat' dir='ltr'><strong>geni-</strong></span> 
     </span>
     <span class='ocr_line' id='line_1_17' title="bbox 222 1213 1922 1269; baseline -0.004 -9"><span class='ocrx_word' id='word_1_123' title='bbox 222 1213 315 1260; x_wconf 60' lang='lat' dir='ltr'><strong>t‘ale</strong></span> <span class='ocrx_word' id='word_1_124' title='bbox 347 1221 461 1259; x_wconf 80' lang='lat' dir='ltr'><strong>rufa.</strong></span> <span class='ocrx_word' id='word_1_125' title='bbox 524 1218 662 1258; x_wconf 71' lang='lat' dir='ltr'><strong>Pedes</strong></span> <span class='ocrx_word' id='word_1_126' title='bbox 709 1218 844 1267; x_wconf 79' lang='lat' dir='ltr'><strong>nigri,</strong></span> <span class='ocrx_word' id='word_1_127' title='bbox 906 1218 1030 1256; x_wconf 85' lang='lat' dir='ltr'><strong>tibiis</strong></span> <span class='ocrx_word' id='word_1_128' title='bbox 1064 1218 1224 1256; x_wconf 87' lang='lat' dir='ltr'><strong>anticis</strong></span> <span class='ocrx_word' id='word_1_129' title='bbox 1269 1226 1313 1256; x_wconf 86' lang='lat' dir='ltr'><strong>et</strong></span> <span class='ocrx_word' id='word_1_130' title='bbox 1364 1220 1537 1269; x_wconf 82' lang='lat' dir='ltr'><strong>posticis</strong></span> <span class='ocrx_word' id='word_1_131' title='bbox 1571 1219 1626 1256; x_wconf 87' lang='lat' dir='ltr'><strong>ab</strong></span> <span class='ocrx_word' id='word_1_132' title='bbox 1652 1229 1741 1256; x_wconf 86' lang='lat' dir='ltr'><strong>uno</strong></span> <span class='ocrx_word' id='word_1_133' title='bbox 1772 1216 1922 1254; x_wconf 75' lang='lat' dir='ltr'><strong>latere</strong></span> 
     </span>
     <span class='ocr_line' id='line_1_18' title="bbox 224 1273 1921 1327; baseline -0.002 -13"><span class='ocrx_word' id='word_1_134' title='bbox 224 1278 344 1327; x_wconf 78' lang='lat' dir='ltr'><strong>quasi</strong></span> <span class='ocrx_word' id='word_1_135' title='bbox 380 1276 557 1315; x_wconf 83' lang='lat' dir='ltr'><strong>ciliatis.</strong></span> <span class='ocrx_word' id='word_1_136' title='bbox 632 1275 807 1314; x_wconf 85' lang='lat' dir='ltr'><strong>Nervus</strong></span> <span class='ocrx_word' id='word_1_137' title='bbox 840 1281 1022 1323; x_wconf 84' lang='lat' dir='ltr'><strong>quartus</strong></span> <span class='ocrx_word' id='word_1_138' title='bbox 1052 1273 1270 1324; x_wconf 83' lang='lat' dir='ltr'><strong>angulum</strong></span> <span class='ocrx_word' id='word_1_139' title='bbox 1319 1274 1415 1312; x_wconf 72' lang='lat' dir='ltr'><strong>fere</strong></span> <span class='ocrx_word' id='word_1_140' title='bbox 1467 1273 1801 1313; x_wconf 78' lang='lat' dir='ltr'><strong>rectilinealem</strong></span> <span class='ocrx_word' id='word_1_141' title='bbox 1832 1273 1921 1311; x_wconf 81' lang='lat' dir='ltr'><strong>for-</strong></span> 
     </span>
     <span class='ocr_line' id='line_1_19' title="bbox 222 1328 1533 1380; baseline -0.002 -9"><span class='ocrx_word' id='word_1_142' title='bbox 222 1339 329 1380; x_wconf 80' lang='lat' dir='ltr'><strong>mat,</strong></span> <span class='ocrx_word' id='word_1_143' title='bbox 367 1331 419 1370; x_wconf 84' lang='lat' dir='ltr'><strong>ab</strong></span> <span class='ocrx_word' id='word_1_144' title='bbox 450 1330 575 1380; x_wconf 84' lang='lat' dir='ltr'><strong>apice</strong></span> <span class='ocrx_word' id='word_1_145' title='bbox 607 1329 688 1366; x_wconf 79' lang='lat' dir='ltr'><strong>alae</strong></span> <span class='ocrx_word' id='word_1_146' title='bbox 723 1328 874 1378; x_wconf 87' lang='lat' dir='ltr'><strong>paullo</strong></span> <span class='ocrx_word' id='word_1_147' title='bbox 923 1336 1135 1369; x_wconf 81' lang='lat' dir='ltr'><strong>remotus.</strong></span> <span class='ocrx_word' id='word_1_148' title='bbox 1200 1330 1388 1379; x_wconf 84' lang='lat' dir='ltr'><strong>Squama</strong></span> <span class='ocrx_word' id='word_1_149' title='bbox 1419 1329 1533 1368; x_wconf 80' lang='lat' dir='ltr'><strong>alba-</strong></span> 
     </span>
    </p>
   </div>
   <div class='ocr_carea' id='block_1_4' title="bbox 224 1403 1926 1514">
    <p class='ocr_par' dir='ltr' id='par_1_5' title="bbox 224 1403 1926 1514">
     <span class='ocr_line' id='line_1_20' title="bbox 399 1403 1926 1450; baseline -0.003 -1"><span class='ocrx_word' id='word_1_150' title='bbox 399 1407 501 1450; x_wconf 81' lang='lat' dir='ltr'><strong>Var.</strong></span> <span class='ocrx_word' id='word_1_151' title='bbox 532 1407 559 1445; x_wconf 89' lang='lat' dir='ltr'>b</span> <span class='ocrx_word' id='word_1_152' title='bbox 592 1406 842 1445; x_wconf 79' lang='lat' dir='ltr'><strong>abdominis</strong></span> <span class='ocrx_word' id='word_1_153' title='bbox 872 1407 1088 1446; x_wconf 81' lang='lat' dir='ltr'><strong>lateribus</strong></span> <span class='ocrx_word' id='word_1_154' title='bbox 1118 1407 1222 1444; x_wconf 83' lang='lat' dir='ltr'><strong>totis</strong></span> <span class='ocrx_word' id='word_1_155' title='bbox 1255 1407 1377 1448; x_wconf 69' lang='lat' dir='ltr'><strong>rufis.</strong></span> <span class='ocrx_word' id='word_1_156' title='bbox 1452 1403 1554 1446; x_wconf 78' lang='lat' dir='ltr'><strong>Var.</strong></span> <span class='ocrx_word' id='word_1_157' title='bbox 1592 1420 1614 1445; x_wconf 87' lang='lat' dir='ltr'><strong>c</strong></span> <span class='ocrx_word' id='word_1_158' title='bbox 1646 1408 1810 1450; x_wconf 85' lang='lat' dir='ltr'><strong>minor,</strong></span> <span class='ocrx_word' id='word_1_159' title='bbox 1851 1406 1926 1444; x_wconf 83' lang='lat' dir='ltr'><strong>ab·</strong></span> 
     </span>
     <span class='ocr_line' id='line_1_21' title="bbox 224 1460 1923 1514; baseline -0.004 -8"><span class='ocrx_word' id='word_1_160' title='bbox 224 1466 424 1511; x_wconf 81' lang='lat' dir='ltr'><strong>domine,</strong></span> <span class='ocrx_word' id='word_1_161' title='bbox 458 1472 615 1514; x_wconf 82' lang='lat' dir='ltr'><strong>praeter</strong></span> <span class='ocrx_word' id='word_1_162' title='bbox 648 1475 798 1507; x_wconf 84' lang='lat' dir='ltr'><strong>anum,</strong></span> <span class='ocrx_word' id='word_1_163' title='bbox 860 1465 941 1501; x_wconf 70' lang='lat' dir='ltr'><strong>vix</strong></span> <span class='ocrx_word' id='word_1_164' title='bbox 992 1462 1351 1502; x_wconf 76' lang='lat' dir='ltr'><strong>rufo-maculato.</strong></span> <span class='ocrx_word' id='word_1_165' title='bbox 1413 1462 1502 1501; x_wconf 90' lang='lat' dir='ltr'><strong>Sub</strong></span> <span class='ocrx_word' id='word_1_166' title='bbox 1549 1464 1733 1501; x_wconf 83' lang='lat' dir='ltr'><strong>nomine</strong></span> <span class='ocrx_word' id='word_1_167' title='bbox 1767 1460 1923 1502; x_wconf 79' lang='lat' dir='ltr'><strong>Muscae</strong></span> 
     </span>
    </p>
   </div>
   <div class='ocr_carea' id='block_1_5' title="bbox 215 1517 1788 1576">
    <p class='ocr_par' dir='ltr' id='par_1_6' title="bbox 215 1517 1788 1576">
     <span class='ocr_line' id='line_1_22' title="bbox 215 1517 1788 1576; baseline -0.002 -14"><span class='ocrx_word' id='word_1_168' title='bbox 215 1533 424 1576; x_wconf 71' lang='lat' dir='ltr'><strong>paparum</strong></span> <span class='ocrx_word' id='word_1_169' title='bbox 452 1528 495 1558; x_wconf 79' lang='lat' dir='ltr'><strong>et</strong></span> <span class='ocrx_word' id='word_1_170' title='bbox 522 1520 696 1574; x_wconf 74' lang='lat' dir='ltr'><strong>pinguis</strong></span> <span class='ocrx_word' id='word_1_171' title='bbox 727 1519 841 1559; x_wconf 85' lang='lat' dir='ltr'><strong>hanc</strong></span> <span class='ocrx_word' id='word_1_172' title='bbox 873 1521 923 1559; x_wconf 86' lang='lat' dir='ltr'><strong>in.</strong></span> <span class='ocrx_word' id='word_1_173' title='bbox 966 1517 1324 1560; x_wconf 83' lang='lat' dir='ltr'><strong>collectionibus</strong></span> <span class='ocrx_word' id='word_1_174' title='bbox 1354 1518 1548 1557; x_wconf 79' lang='lat' dir='ltr'><strong>vidimus</strong></span> <span class='ocrx_word' id='word_1_175' title='bbox 1577 1519 1788 1570; x_wconf 80' lang='lat' dir='ltr'><strong>speciem.</strong></span> 
     </span>
    </p>
   </div>
   <div class='ocr_carea' id='block_1_6' title="bbox 222 1639 1917 1921">
    <p class='ocr_par' dir='ltr' id='par_1_7' title="bbox 222 1639 1917 1840">
     <span class='ocr_line' id='line_1_23' title="bbox 222 1639 1917 1709; baseline -0.005 -15"><span class='ocrx_word' id='word_1_176' title='bbox 222 1646 302 1694; x_wconf 76' lang='lat'><strong>62.</strong></span> <span class='ocrx_word' id='word_1_177' title='bbox 383 1639 436 1693; x_wconf 90' lang='lat' dir='ltr'><strong>T.</strong></span> <span class='ocrx_word' id='word_1_178' title='bbox 481 1646 675 1709; x_wconf 77' lang='lat' dir='ltr'><strong>vulgaris</strong></span> <span class='ocrx_word' id='word_1_179' title='bbox 712 1643 854 1707; x_wconf 76' lang='lat' dir='ltr'><strong>nigra</strong></span> <span class='ocrx_word' id='word_1_180' title='bbox 892 1640 1182 1689; x_wconf 78' lang='lat' dir='ltr'><strong>maculatim</strong></span> <span class='ocrx_word' id='word_1_181' title='bbox 1222 1640 1475 1696; x_wconf 61' lang='lat' dir='ltr'><strong>albicanm</strong></span> <span class='ocrx_word' id='word_1_182' title='bbox 1536 1640 1662 1686; x_wconf 83' lang='lat' dir='ltr'><strong>serie</strong></span> <span class='ocrx_word' id='word_1_183' title='bbox 1695 1641 1917 1689; x_wconf 70' lang='lat' dir='ltr'><strong>vili-issa.</strong></span> 
     </span>
     <span class='ocr_line' id='line_1_24' title="bbox 371 1709 1914 1774; baseline -0.001 -16"><span class='ocrx_word' id='word_1_184' title='bbox 371 1727 488 1758; x_wconf 87' lang='lat' dir='ltr'><strong>rum</strong></span> <span class='ocrx_word' id='word_1_185' title='bbox 552 1713 861 1766; x_wconf 80' lang='lat' dir='ltr'><strong>abbreviata;</strong></span> <span class='ocrx_word' id='word_1_186' title='bbox 941 1710 1174 1757; x_wconf 76' lang='lat' dir='ltr'><strong>antennis</strong></span> <span class='ocrx_word' id='word_1_187' title='bbox 1239 1710 1419 1774; x_wconf 81' lang='lat' dir='ltr'><strong>nigris:</strong></span> <span class='ocrx_word' id='word_1_188' title='bbox 1476 1709 1688 1756; x_wconf 82' lang='lat' dir='ltr'><strong>articulo</strong></span> <span class='ocrx_word' id='word_1_189' title='bbox 1735 1711 1914 1757; x_wconf 84' lang='lat' dir='ltr'><strong>ultimo</strong></span> 
     </span>
     <span class='ocr_line' id='line_1_25' title="bbox 367 1778 925 1840; baseline -0.002 -15"><span class='ocrx_word' id='word_1_190' title='bbox 367 1778 682 1840; x_wconf 84' lang='lat' dir='ltr'><strong>longissimo,</strong></span> <span class='ocrx_word' id='word_1_191' title='bbox 732 1778 925 1826; x_wconf 84' lang='lat' dir='ltr'><strong>lineari.</strong></span> 
     </span>
    </p>

    <p class='ocr_par' dir='ltr' id='par_1_8' title="bbox 420 1863 1278 1921">
     <span class='ocr_line' id='line_1_26' title="bbox 420 1863 1278 1921; baseline -0.005 -11"><span class='ocrx_word' id='word_1_192' title='bbox 420 1865 598 1918; x_wconf 76' lang='lat' dir='ltr'><strong>Tachina</strong></span> <span class='ocrx_word' id='word_1_193' title='bbox 627 1867 824 1921; x_wconf 78' lang='lat' dir='ltr'><strong>vulgaris</strong></span> <span class='ocrx_word' id='word_1_194' title='bbox 870 1868 967 1906; x_wconf 81' lang='lat' dir='ltr'><strong>Act.</strong></span> <span class='ocrx_word' id='word_1_195' title='bbox 1014 1863 1166 1905; x_wconf 88' lang='lat' dir='ltr'><strong>Holm.</strong></span> <span class='ocrx_word' id='word_1_196' title='bbox 1203 1867 1278 1906; x_wconf 87' lang='lat' dir='ltr'><strong>cit.</strong></span> 
     </span>
    </p>
   </div>
   <div class='ocr_carea' id='block_1_7' title="bbox 216 1943 1918 2614">
    <p class='ocr_par' dir='ltr' id='par_1_9' title="bbox 216 1943 1918 2614">
     <span class='ocr_line' id='line_1_27' title="bbox 387 1943 1912 1994; baseline 0 -7"><span class='ocrx_word' id='word_1_197' title='bbox 387 1946 513 1987; x_wconf 84' lang='lat' dir='ltr'><strong>Mas</strong></span> <span class='ocrx_word' id='word_1_198' title='bbox 563 1953 609 1985; x_wconf 82' lang='lat' dir='ltr'><strong>et</strong></span> <span class='ocrx_word' id='word_1_199' title='bbox 653 1943 787 1989; x_wconf 75' lang='lat' dir='ltr'><strong>Fem.</strong></span> <span class='ocrx_word' id='word_1_200' title='bbox 852 1945 908 1984; x_wconf 90' lang='lat' dir='ltr'><strong>In</strong></span> <span class='ocrx_word' id='word_1_201' title='bbox 953 1943 1227 1984; x_wconf 79' lang='lat' dir='ltr'><strong>Umbellatis</strong></span> <span class='ocrx_word' id='word_1_202' title='bbox 1274 1952 1318 1984; x_wconf 84' lang='lat' dir='ltr'><strong>et</strong></span> <span class='ocrx_word' id='word_1_203' title='bbox 1369 1947 1418 1985; x_wconf 78' lang='lat' dir='ltr'><strong>in</strong></span> <span class='ocrx_word' id='word_1_204' title='bbox 1466 1946 1720 1994; x_wconf 79' lang='lat' dir='ltr'><strong>fruticibus,</strong></span> <span class='ocrx_word' id='word_1_205' title='bbox 1762 1957 1912 1987; x_wconf 72' lang='lat' dir='ltr'><strong>mens·</strong></span> 
     </span>
     <span class='ocr_line' id='line_1_28' title="bbox 219 2000 1913 2055; baseline -0.002 -12"><span class='ocrx_word' id='word_1_206' title='bbox 219 2006 428 2055; x_wconf 81' lang='lat' dir='ltr'><strong>Augusto,</strong></span> <span class='ocrx_word' id='word_1_207' title='bbox 462 2003 787 2054; x_wconf 81' lang='lat' dir='ltr'><strong>vulgatissima,</strong></span> <span class='ocrx_word' id='word_1_208' title='bbox 821 2001 1101 2051; x_wconf 71' lang='lat' dir='ltr'><strong>praecedente</strong></span> <span class='ocrx_word' id='word_1_209' title='bbox 1132 2000 1286 2050; x_wconf 87' lang='lat' dir='ltr'><strong>paullo</strong></span> <span class='ocrx_word' id='word_1_210' title='bbox 1322 2004 1481 2041; x_wconf 84' lang='lat' dir='ltr'><strong>minor.</strong></span> <span class='ocrx_word' id='word_1_211' title='bbox 1519 2026 1575 2034; x_wconf 90' lang='lat'><strong>—-</strong></span> <span class='ocrx_word' id='word_1_212' title='bbox 1606 2005 1777 2054; x_wconf 84' lang='lat' dir='ltr'><strong>Corpus</strong></span> <span class='ocrx_word' id='word_1_213' title='bbox 1811 2015 1913 2040; x_wconf 83' lang='lat' dir='ltr'><strong>ova-</strong></span> 
     </span>
     <span class='ocr_line' id='line_1_29' title="bbox 216 2057 1912 2110; baseline -0.001 -12"><span class='ocrx_word' id='word_1_214' title='bbox 216 2069 331 2105; x_wconf 82' lang='lat' dir='ltr'><strong>tum,</strong></span> <span class='ocrx_word' id='word_1_215' title='bbox 369 2062 626 2110; x_wconf 81' lang='lat' dir='ltr'><strong>nigricans:</strong></span> <span class='ocrx_word' id='word_1_216' title='bbox 675 2057 871 2097; x_wconf 83' lang='lat' dir='ltr'><strong>thoracis</strong></span> <span class='ocrx_word' id='word_1_217' title='bbox 916 2057 1051 2096; x_wconf 81' lang='lat' dir='ltr'><strong>lineis</strong></span> <span class='ocrx_word' id='word_1_218' title='bbox 1095 2057 1318 2104; x_wconf 85' lang='lat' dir='ltr'><strong>obsoletis,</strong></span> <span class='ocrx_word' id='word_1_219' title='bbox 1368 2058 1550 2098; x_wconf 80' lang='lat' dir='ltr'><strong>scutelli</strong></span> <span class='ocrx_word' id='word_1_220' title='bbox 1611 2062 1736 2110; x_wconf 83' lang='lat' dir='ltr'><strong>apice</strong></span> <span class='ocrx_word' id='word_1_221' title='bbox 1769 2060 1912 2097; x_wconf 83' lang='lat' dir='ltr'><strong>inter-</strong></span> 
     </span>
     <span class='ocr_line' id='line_1_30' title="bbox 219 2113 1918 2166; baseline -0.001 -12"><span class='ocrx_word' id='word_1_222' title='bbox 219 2116 329 2154; x_wconf 84' lang='lat' dir='ltr'><strong>dum</strong></span> <span class='ocrx_word' id='word_1_223' title='bbox 356 2116 631 2166; x_wconf 74' lang='lat' dir='ltr'><strong>ferrugineo,</strong></span> <span class='ocrx_word' id='word_1_224' title='bbox 667 2114 916 2153; x_wconf 86' lang='lat' dir='ltr'><strong>abdominis</strong></span> <span class='ocrx_word' id='word_1_225' title='bbox 954 2115 1081 2153; x_wconf 84' lang='lat' dir='ltr'><strong>dorso</strong></span> <span class='ocrx_word' id='word_1_226' title='bbox 1113 2113 1210 2152; x_wconf 80' lang='lat' dir='ltr'>fere</span> <span class='ocrx_word' id='word_1_227' title='bbox 1239 2121 1335 2152; x_wconf 87' lang='lat' dir='ltr'><strong>toto</strong></span> <span class='ocrx_word' id='word_1_228' title='bbox 1372 2115 1918 2154; x_wconf 84' lang='lat' dir='ltr'><strong>cinereo-albo—micante:</strong></span> 
     </span>
     <span class='ocr_line' id='line_1_31' title="bbox 218 2170 1913 2221; baseline -0.002 -10"><span class='ocrx_word' id='word_1_229' title='bbox 218 2171 406 2211; x_wconf 78' lang='lat' dir='ltr'><strong>maculis</strong></span> <span class='ocrx_word' id='word_1_230' title='bbox 441 2182 630 2221; x_wconf 78' lang='lat' dir='ltr'><strong>quatuor</strong></span> <span class='ocrx_word' id='word_1_231' title='bbox 664 2183 768 2221; x_wconf 79' lang='lat' dir='ltr'><strong>saepe</strong></span> <span class='ocrx_word' id='word_1_232' title='bbox 801 2170 1172 2209; x_wconf 78' lang='lat' dir='ltr'><strong>distinctim-ibus.</strong></span> <span class='ocrx_word' id='word_1_233' title='bbox 1235 2171 1361 2220; x_wconf 88' lang='lat' dir='ltr'><strong>Palpi</strong></span> <span class='ocrx_word' id='word_1_234' title='bbox 1385 2173 1515 2221; x_wconf 73' lang='lat' dir='ltr'><strong>nigri.</strong></span> <span class='ocrx_word' id='word_1_235' title='bbox 1580 2172 1720 2209; x_wconf 89' lang='lat' dir='ltr'><strong>Frons</strong></span> <span class='ocrx_word' id='word_1_236' title='bbox 1754 2182 1913 2220; x_wconf 83' lang='lat' dir='ltr'><strong>parum</strong></span> 
     </span>
     <span class='ocr_line' id='line_1_32' title="bbox 219 2225 1915 2279; baseline -0.002 -11"><span class='ocrx_word' id='word_1_237' title='bbox 219 2229 516 2279; x_wconf 72' lang='lat' dir='ltr'><strong>prominensz</strong></span> <span class='ocrx_word' id='word_1_238' title='bbox 573 2229 731 2279; x_wconf 74' lang='lat' dir='ltr'><strong>clypeo</strong></span> <span class='ocrx_word' id='word_1_239' title='bbox 763 2225 1002 2273; x_wconf 81' lang='lat' dir='ltr'><strong>albicante,</strong></span> <span class='ocrx_word' id='word_1_240' title='bbox 1055 2228 1157 2265; x_wconf 83' lang='lat' dir='ltr'><strong>setis</strong></span> <span class='ocrx_word' id='word_1_241' title='bbox 1187 2226 1476 2266; x_wconf 78' lang='lat' dir='ltr'><strong>vibrissarum</strong></span> <span class='ocrx_word' id='word_1_242' title='bbox 1509 2239 1608 2265; x_wconf 86' lang='lat' dir='ltr'><strong>cum</strong></span> <span class='ocrx_word' id='word_1_243' title='bbox 1640 2226 1915 2278; x_wconf 71' lang='lat' dir='ltr'><strong>mystacibus</strong></span> 
     </span>
     <span class='ocr_line' id='line_1_33' title="bbox 221 2283 1910 2333; baseline -0.002 -9"><span class='ocrx_word' id='word_1_244' title='bbox 221 2285 452 2324; x_wconf 82' lang='lat' dir='ltr'><strong>connexis.</strong></span> <span class='ocrx_word' id='word_1_245' title='bbox 511 2283 644 2323; x_wconf 86' lang='lat' dir='ltr'><strong>Oculi</strong></span> <span class='ocrx_word' id='word_1_246' title='bbox 684 2284 818 2333; x_wconf 80' lang='lat' dir='ltr'><strong>longe</strong></span> <span class='ocrx_word' id='word_1_247' title='bbox 850 2283 1085 2330; x_wconf 74' lang='lat' dir='ltr'><strong>distantes,</strong></span> <span class='ocrx_word' id='word_1_248' title='bbox 1115 2284 1169 2320; x_wconf 91' lang='lat' dir='ltr'><strong>in</strong></span> <span class='ocrx_word' id='word_1_249' title='bbox 1220 2295 1341 2321; x_wconf 86' lang='lat' dir='ltr'><strong>mare</strong></span> <span class='ocrx_word' id='word_1_250' title='bbox 1372 2285 1630 2333; x_wconf 81' lang='lat' dir='ltr'><strong>propiores3</strong></span> <span class='ocrx_word' id='word_1_251' title='bbox 1666 2284 1787 2321; x_wconf 85' lang='lat' dir='ltr'><strong>linea</strong></span> <span class='ocrx_word' id='word_1_252' title='bbox 1810 2295 1910 2321; x_wconf 80' lang='lat' dir='ltr'><strong>vet·</strong></span> 
     </span>
     <span class='ocr_line' id='line_1_34' title="bbox 219 2339 1910 2389; baseline 0.001 -11"><span class='ocrx_word' id='word_1_253' title='bbox 219 2344 319 2380; x_wconf 82' lang='lat' dir='ltr'><strong>ticis</strong></span> <span class='ocrx_word' id='word_1_254' title='bbox 352 2340 711 2389; x_wconf 78' lang='lat' dir='ltr'><strong>subferruginea.</strong></span> <span class='ocrx_word' id='word_1_255' title='bbox 778 2341 995 2381; x_wconf 79' lang='lat' dir='ltr'><strong>Antennae</strong></span> <span class='ocrx_word' id='word_1_256' title='bbox 1024 2339 1304 2387; x_wconf 59' lang='lat' dir='ltr'><strong>longissime,</strong></span> <span class='ocrx_word' id='word_1_257' title='bbox 1338 2341 1507 2387; x_wconf 71' lang='lat' dir='ltr'><strong>nigras-3</strong></span> <span class='ocrx_word' id='word_1_258' title='bbox 1562 2339 1744 2380; x_wconf 81' lang='lat' dir='ltr'><strong>articuli</strong></span> <span class='ocrx_word' id='word_1_259' title='bbox 1790 2339 1910 2379; x_wconf 79' lang='lat' dir='ltr'><strong>basa-</strong></span> 
     </span>
     <span class='ocr_line' id='line_1_35' title="bbox 219 2395 1898 2445; baseline -0.002 -10"><span class='ocrx_word' id='word_1_260' title='bbox 219 2397 283 2435; x_wconf 84' lang='lat' dir='ltr'><strong>les</strong></span> <span class='ocrx_word' id='word_1_261' title='bbox 313 2397 494 2435; x_wconf 82' lang='lat' dir='ltr'><strong>breves:</strong></span> <span class='ocrx_word' id='word_1_262' title='bbox 543 2395 733 2434; x_wconf 87' lang='lat' dir='ltr'><strong>ultimus</strong></span> <span class='ocrx_word' id='word_1_263' title='bbox 769 2395 962 2433; x_wconf 83' lang='lat' dir='ltr'><strong>secundo</strong></span> <span class='ocrx_word' id='word_1_264' title='bbox 1008 2395 1260 2445; x_wconf 83' lang='lat' dir='ltr'><strong>quadruplo</strong></span> <span class='ocrx_word' id='word_1_265' title='bbox 1312 2395 1407 2433; x_wconf 79' lang='lat' dir='ltr'><strong>fore</strong></span> <span class='ocrx_word' id='word_1_266' title='bbox 1448 2396 1639 2444; x_wconf 79' lang='lat' dir='ltr'><strong>longior,</strong></span> <span class='ocrx_word' id='word_1_267' title='bbox 1697 2396 1898 2437; x_wconf 79' lang='lat' dir='ltr'><strong>linearis.</strong></span> 
     </span>
     <span class='ocr_line' id='line_1_36' title="bbox 219 2449 1905 2502; baseline -0.002 -9"><span class='ocrx_word' id='word_1_268' title='bbox 219 2454 358 2493; x_wconf 78' lang='lat' dir='ltr'><strong>Pedes</strong></span> <span class='ocrx_word' id='word_1_269' title='bbox 391 2454 521 2502; x_wconf 76' lang='lat' dir='ltr'><strong>nigri.</strong></span> <span class='ocrx_word' id='word_1_270' title='bbox 583 2451 668 2490; x_wconf 75' lang='lat' dir='ltr'><strong>Alae</strong></span> <span class='ocrx_word' id='word_1_271' title='bbox 725 2449 938 2502; x_wconf 71' lang='lat' dir='ltr'><strong>hyalinae:</strong></span> <span class='ocrx_word' id='word_1_272' title='bbox 990 2465 1130 2490; x_wconf 82' lang='lat' dir='ltr'><strong>nervo</strong></span> <span class='ocrx_word' id='word_1_273' title='bbox 1175 2458 1332 2500; x_wconf 74' lang='lat' dir='ltr'><strong>quarto</strong></span> <span class='ocrx_word' id='word_1_274' title='bbox 1366 2464 1445 2498; x_wconf 76' lang='lat' dir='ltr'><strong>per</strong></span> <span class='ocrx_word' id='word_1_275' title='bbox 1480 2451 1724 2490; x_wconf 68' lang='lat' dir='ltr'><strong>nen-ulum</strong></span> <span class='ocrx_word' id='word_1_276' title='bbox 1753 2451 1905 2490; x_wconf 72' lang='lat' dir='ltr'><strong>subre-</strong></span> 
     </span>
     <span class='ocr_line' id='line_1_37' title="bbox 221 2505 1906 2562; baseline 0.002 -17"><span class='ocrx_word' id='word_1_277' title='bbox 221 2518 359 2553; x_wconf 78' lang='lat' dir='ltr'><strong>ctum,</strong></span> <span class='ocrx_word' id='word_1_278' title='bbox 420 2509 483 2557; x_wconf 81' lang='lat' dir='ltr'><strong>(at</strong></span> <span class='ocrx_word' id='word_1_279' title='bbox 531 2508 785 2546; x_wconf 76' lang='lat' dir='ltr'><strong>breviorem</strong></span> <span class='ocrx_word' id='word_1_280' title='bbox 833 2518 965 2555; x_wconf 77' lang='lat' dir='ltr'><strong>quarn</strong></span> <span class='ocrx_word' id='word_1_281' title='bbox 1018 2509 1064 2545; x_wconf 88' lang='lat' dir='ltr'><strong>in</strong></span> <span class='ocrx_word' id='word_1_282' title='bbox 1128 2505 1170 2546; x_wconf 89' lang='lat' dir='ltr'><strong>T.</strong></span> <span class='ocrx_word' id='word_1_283' title='bbox 1207 2509 1435 2562; x_wconf 59' lang='lat' dir='ltr'><strong>(estuante)</strong></span> <span class='ocrx_word' id='word_1_284' title='bbox 1484 2515 1590 2549; x_wconf 78' lang='lat' dir='ltr'><strong>ante</strong></span> <span class='ocrx_word' id='word_1_285' title='bbox 1620 2509 1791 2561; x_wconf 73' lang='lat' dir='ltr'><strong>apicem</strong></span> <span class='ocrx_word' id='word_1_286' title='bbox 1822 2507 1906 2549; x_wconf 65' lang='lat' dir='ltr'><strong>alu</strong></span> 
     </span>
     <span class='ocr_line' id='line_1_38' title="bbox 219 2561 1373 2614; baseline 0 -9"><span class='ocrx_word' id='word_1_287' title='bbox 219 2575 322 2605; x_wconf 86' lang='lat' dir='ltr'><strong>cum</strong></span> <span class='ocrx_word' id='word_1_288' title='bbox 348 2574 484 2603; x_wconf 77' lang='lat' dir='ltr'><strong>netvo</strong></span> <span class='ocrx_word' id='word_1_289' title='bbox 517 2563 674 2603; x_wconf 73' lang='lat' dir='ltr'><strong>castali</strong></span> <span class='ocrx_word' id='word_1_290' title='bbox 715 2561 973 2612; x_wconf 77' lang='lat' dir='ltr'><strong>conjuncto.</strong></span> <span class='ocrx_word' id='word_1_291' title='bbox 1040 2563 1230 2614; x_wconf 81' lang='lat' dir='ltr'><strong>Squama</strong></span> <span class='ocrx_word' id='word_1_292' title='bbox 1259 2562 1373 2605; x_wconf 64' lang='lat' dir='ltr'><strong>alba.</strong></span> 
     </span>
    </p>
   </div>
  </div>
 </body>
</html>
