2036 2890
493 169 528 223 6

398 313 602 364 Ocyptera
634 306 859 361 cylindrica
904 305 1032 346 Fabr·
1071 305 1192 347 Anu,
1227 317 1318 357 3¹3-
1352 317 1386 345 2.
1414 306 1430 343 ,³

403 388 522 427 Mas
584 394 628 424 et
670 384 793 425 Fem.
855 386 906 423 In
938 385 1050 422 arvis
1084 384 1296 421 montosis
1331 383 1535 432 inprimis
1578 381 1716 421 obvia.
1756 403 1807 411 ——
1841 382 1904 421 Si-

233 443 444 483 militudo
483 443 766 492 proecedcntis
803 440 987 490 ejusque
1019 440 1270 487 descriptio.
1343 443 1396 476 {it
1429 439 1614 476 dimidio
1651 439 1828 476 brevior
1859 446 1904 476 et

232 500 462 547 angustior
514 499 593 537 alis
625 498 753 535 modo
784 498 890 534 totis
941 494 1282 545 nigricantibus‚
1321 496 1556 545 nervisque
1604 493 1908 544 longitudina-

233 554 348 592 libus
380 554 566 593 forsitan
598 551 878 592 rectioribus.
940 552 1028 589 Vix
1058 559 1209 589 tamen
1241 549 1292 586 ab
1323 551 1372 588 O.
1408 549 1668 589 brassicaria
1698 550 1911 589 distincta

236 611 429 661 speeies3
482 621 504 647 e
550 610 688 648 larvis
721 607 838 646 male
871 608 1057 645 nutritis
1088 606 1278 644 forsitan
1328 614 1439 647 orta.

543 736 599 769 *¹⁸
673 739 852 783 Nervus
888 738 1046 782 tew‘izzs
1082 736 1409 798 lougitudimzlis
1443 744 1600 782 as-ectm.

242 867 290 913 5.
363 851 422 898 Ο.
459 851 648 897 lateralis
708 849 871 907 nigra,
911 847 1179 892 abdomine
1215 847 1518 905 pundtulato
1553 844 1740 890 inermi
1776 845 1921 891 rufo:

383 919 521 964 linea
557 917 738 963 dorsali
773 930 972 974 anoque
1009 915 1197 974 nigri53
1262 915 1353 958 alis
1392 915 1755 960 immaculatis,

423 1004 557 1044 Mas.
620 1005 675 1043 In
707 1004 863 1043 scania
895 1002 1119 1040 rarissime
1150 999 1293 1047 obvia,
1329 999 1531 1039 Tachina
1561 1001 1738 1040 laterali
1772 1009 1836 1040 sat
1867 1003 1925 1041 si-

243 1059 379 1107 milis,
410 1069 453 1099 at
485 1062 648 1106 minor,
694 1072 775 1097 nec
826 1060 888 1096 ita
920 1064 1074 1096 setosa.
1136 1057 1276 1094 Frons
1319 1056 1620 1104 albo-micans,
1655 1060 1820 1096 vertice
1849 1058 1918 1096 ni-

246 1127 339 1166 gro,
381 1116 427 1153 in
481 1115 628 1153 medio
682 1117 1002 1152 cinerascente.
1064 1114 1276 1152 Antennae
1306 1113 1461 1162 nigroe:
1520 1113 1712 1150 articulo
1757 1113 1920 1151 ultimo

247 1171 466 1220 elongato,
501 1171 678 1208 lineari.
714 1169 896 1208 Thorax
931 1170 1074 1217 niger,
1109 1169 1294 1212 nitidus,
1330 1167 1516 1205 scutello
1548 1169 1793 1206 conc-olore.
1836 1169 1918 1205 Ab·

247 1227 408 1264 domen
442 1227 628 1264 dimidio
688 1238 872 1275 corpore
908 1224 1058 1272 paullo
1098 1223 1287 1273 longiuS,
1321 1222 1720 1274 subcylindricum‚
1752 1224 1919 1269 rufum,

247 1282 462 1327 nitidum,
516 1279 1088 1330 impresso-punctulatum:
1149 1279 1267 1316 linea
1316 1279 1459 1316 media
1507 1279 1623 1316 dorsi
1658 1282 1798 1329 nigra,
1832 1292 1922 1328 quae

249 1350 351 1376 curn
383 1350 465 1374 ano
495 1338 635 1387 nigro,
669 1336 799 1386 longe
835 1337 1082 1381 incurvato,
1115 1335 1416 1373 connectitur.
1477 1335 1615 1373 Pedes
1649 1337 1781 1385 nigri,
1817 1336 1919 1384 pilis

248 1394 323 1430 vix
355 1393 491 1443 spinis
521 1392 695 1431 armati.
761 1390 850 1429 Alae
881 1390 1203 1428 immaculatae:
1255 1401 1392 1427 nervo
1446 1391 1584 1428 tertio
1615 1398 1718 1427 ante
1751 1392 1923 1439 apicem

251 1460 352 1488 cum
384 1461 519 1486 nervo
552 1447 706 1485 costali
738 1445 1005 1494 conjunct03
1048 1453 1092 1483 at
1125 1458 1285 1483 nervus
1338 1453 1519 1495 quartus
1565 1445 1922 1494 obtuse-angula-

251 1506 351 1549 tim,
385 1517 467 1542 nec
502 1506 562 1550 ita
589 1503 823 1549 arcuatim,
870 1502 1073 1540 flectitur
1104 1508 1236 1552 atque
1268 1502 1316 1538 in
1348 1501 1508 1552 Ocypt.
1543 1502 1919 1552 grossificationis.

252 1561 441 1610 Squama
473 1559 586 1600 alba.

419 1633 459 1675 F
466 1647 484 1675 e
494 1648 546 1676 m.

252 1759 301 1807 4.
345 1745 388 1793 Ο
412 1746 646 1792 tachinaria
681 1745 842 1805 nigra.
873 1742 1144 1789 abdomine
1177 1743 1308 1802 laevi,
1337 1743 1488 1804 longe
1515 1752 1706 1790 setoso:
1757 1744 1927 1790 lateri-

400 1813 493 1858 bus
526 1814 694 1858 antice
731 1826 924 1870 oreque
958 1811 1095 1857 rufis·

424 1899 546 1940 Mas
585 1907 629 1938 et
659 1897 785 1939 Fem.
847 1898 1030 1937 Habitat
1061 1898 1107 1934 in
1132 1894 1432 1945 Ostrogothia.
1470 1896 1523 1935 D.
1559 1896 1844 1936 Zetterstedt.
1872 1921 1926 1929 -..

257 1956 290 1996 Α
324 1956 612 2006 praecedente,
646 1958 718 1993 cui
749 1954 924 2001 similis,
958 1953 1192 1991 abdomine
1236 1950 1353 1988 haud
1382 1953 1664 2001 punctulato‚
1716 1954 1926 1992 distincte

258 2020 409 2057 setoso,
444 2024 542 2050 mox
570 2011 855 2059 dignoscitur.
921 2009 1060 2047 Frons
1093 2007 1381 2045 albo-cornea.
1447 2007 1578 2045 Oculi
1613 2011 1742 2047 maris
1775 2010 1926 2059 paullo

259 2067 570 2116 apprmrimaffi,
624 2067 802 2103 verticis
850 2065 983 2116 striga
1039 2065 1165 2111 nigra
1220 2061 1447 2109 d²sjuncti.
1523 2066 1741 2101 Antennae
1778 2067 1922 2114 nigrae,

260 2123 399 2161 fronti
433 2121 692 2170 prominulae
722 2123 921 2158 insertae:
972 2118 1164 2157 articulo
1201 2117 1360 2155 ultimo
1393 2117 1681 2156 interioribus
1716 2133 1804 2158 non
1833 2121 1925 2159 lon-

261 2181 401 2229 giore„
428 2189 509 2214 nec
545 2178 715 2225 apicem
746 2175 893 2227 clypei
926 2177 1190 2223 attingente.
1235 2173 1332 2210 Oris
1368 2171 1505 2209 latera
1538 2173 1783 2213 rufescunt.
1821 2177 1927 2214 Cor-

262 2245 340 2284 pus
373 2233 566 2282 nigrum,
598 2231 808 2280 nitidum,
842 2243 994 2280 parurn
1035 2229 1346 2267 albo-micans:
1393 2225 1573 2267 thorace
1610 2228 1928 2270 obsoletissime

263 2290 459 2333 lineat03
510 2284 756 2324 abdominis
809 2285 1023 2324 lateribus
1054 2286 1202 2323 antice
1235 2281 1355 2324 rufis.
1391 2289 1436 2320 at
1468 2284 1515 2320 in
1547 2296 1668 2322 mare
1700 2295 1928 2336 segmento

262 2344 392 2384 modo
423 2343 613 2381 seeundo
649 2341 763 2379 rufo.
823 2341 958 2380 Pedes
989 2341 1123 2391 nigri,
1148 2336 1389 2388 spinulosi.
1450 2339 1540 2381 Alae
1569 2340 1806 2391 nigredine
1838 2344 1929 2382 tin-

265 2407 366 2441 ctaet
420 2411 557 2437 nervo
588 2404 744 2448 quarto
788 2396 1036 2447 angulatim
1066 2396 1198 2435 flexo.

262 2512 312 2559 5.
386 2499 442 2545 O.
475 2499 680 2545 maculata
714 2498 875 2561 nigra,
914 2497 1151 2543 antennis
1183 2494 1352 2541 medio
1387 2495 1540 2551 rufis;
1582 2496 1671 2544 alis
1708 2497 1932 2547 infusca-

409 2567 503 2615 tis:
567 2567 769 2614 macula
798 2565 860 2613 ad
894 2576 1083 2614 costam
1120 2562 1340 2626 repanda
1370 2564 1530 2626 nigra.
