<?xml version="1.0" encoding="UTF-8"?>
<!DOCTYPE html PUBLIC "-//W3C//DTD XHTML 1.0 Transitional//EN"
    "http://www.w3.org/TR/xhtml1/DTD/xhtml1-transitional.dtd">
<html xmlns="http://www.w3.org/1999/xhtml" xml:lang="en" lang="en">
 <head>
  <title>
</title>
<meta http-equiv="Content-Type" content="text/html;charset=utf-8" />
  <meta name='ocr-system' content='tesseract 3.04.00' />
  <meta name='ocr-capabilities' content='ocr_page ocr_carea ocr_par ocr_line ocrx_word'/>
</head>
<body>
  <div class='ocr_page' id='page_1' title='image "./dipterasveciae1218141826falle_0204.png"; bbox 0 0 2046 2870; ppageno 0'>
   <div class='ocr_carea' id='block_1_1' title="bbox 311 121 340 167">
    <p class='ocr_par' dir='ltr' id='par_1_1' title="bbox 311 121 340 167">
     <span class='ocr_line' id='line_1_1' title="bbox 311 121 340 167; baseline 0 0"><span class='ocrx_word' id='word_1_1' title='bbox 311 121 340 167; x_wconf 89' lang='lat'>8</span> 
     </span>
    </p>
   </div>
   <div class='ocr_carea' id='block_1_2' title="bbox 163 225 1934 432">
    <p class='ocr_par' dir='ltr' id='par_1_2' title="bbox 163 225 1934 432">
     <span class='ocr_line' id='line_1_2' title="bbox 163 225 1931 285; baseline -0.01 4"><span class='ocrx_word' id='word_1_2' title='bbox 163 239 466 284; x_wconf 66' lang='lat' dir='ltr'><strong>OESTRUS·</strong></span> <span class='ocrx_word' id='word_1_3' title='bbox 532 234 609 278; x_wconf 83' lang='lat' dir='ltr'><strong>OS</strong></span> <span class='ocrx_word' id='word_1_4' title='bbox 664 230 915 275; x_wconf 76' lang='lat' dir='ltr'><strong>clausum·</strong></span> <span class='ocrx_word' id='word_1_5' title='bbox 972 230 1292 276; x_wconf 80' lang='lat' dir='ltr'><strong>Antennae</strong></span> <span class='ocrx_word' id='word_1_6' title='bbox 1344 229 1539 285; x_wconf 83' lang='lat' dir='ltr'><strong>breves,</strong></span> <span class='ocrx_word' id='word_1_7' title='bbox 1578 242 1773 283; x_wconf 77' lang='lat' dir='ltr'><strong>crassae,</strong></span> <span class='ocrx_word' id='word_1_8' title='bbox 1815 225 1931 272; x_wconf 88' lang='lat' dir='ltr'><strong>sub-</strong></span> 
     </span>
     <span class='ocr_line' id='line_1_3' title="bbox 340 294 1934 365; baseline -0.007 -15"><span class='ocrx_word' id='word_1_9' title='bbox 340 304 594 365; x_wconf 78' lang='lat' dir='ltr'><strong>globosaet</strong></span> <span class='ocrx_word' id='word_1_10' title='bbox 657 309 765 343; x_wconf 85' lang='lat' dir='ltr'><strong>seta</strong></span> <span class='ocrx_word' id='word_1_11' title='bbox 827 294 977 341; x_wconf 80' lang='lat' dir='ltr'><strong>nuda.</strong></span> <span class='ocrx_word' id='word_1_12' title='bbox 1058 299 1308 358; x_wconf 85' lang='lat' dir='ltr'><strong>Corpus</strong></span> <span class='ocrx_word' id='word_1_13' title='bbox 1358 299 1657 360; x_wconf 82' lang='lat' dir='ltr'><strong>oblongum,</strong></span> <span class='ocrx_word' id='word_1_14' title='bbox 1698 297 1934 344; x_wconf 67' lang='lat' dir='ltr'><strong>hirtum2</strong></span> 
     </span>
     <span class='ocr_line' id='line_1_4' title="bbox 340 366 1041 432; baseline -0.011 -16"><span class='ocrx_word' id='word_1_15' title='bbox 340 384 550 432; x_wconf 80' lang='lat' dir='ltr'>squama</span> <span class='ocrx_word' id='word_1_16' title='bbox 585 367 680 411; x_wconf 82' lang='lat' dir='ltr'><strong>sub</strong></span> <span class='ocrx_word' id='word_1_17' title='bbox 713 366 803 410; x_wconf 85' lang='lat' dir='ltr'><strong>alis</strong></span> <span class='ocrx_word' id='word_1_18' title='bbox 843 377 1041 424; x_wconf 80' lang='lat' dir='ltr'><strong>magna.</strong></span> 
     </span>
    </p>
   </div>
   <div class='ocr_carea' id='block_1_3' title="bbox 149 473 1932 1757">
    <p class='ocr_par' dir='ltr' id='par_1_3' title="bbox 149 473 1932 1757">
     <span class='ocr_line' id='line_1_5' title="bbox 215 473 1930 531; baseline -0.005 -10"><span class='ocrx_word' id='word_1_19' title='bbox 215 483 366 531; x_wconf 86' lang='lat' dir='ltr'><strong>Corp</strong></span> <span class='ocrx_word' id='word_1_20' title='bbox 385 494 443 518; x_wconf 89' lang='lat' dir='ltr'><strong>us</strong></span> <span class='ocrx_word' id='word_1_21' title='bbox 476 479 629 517; x_wconf 82' lang='lat' dir='ltr'><strong>obtuse</strong></span> <span class='ocrx_word' id='word_1_22' title='bbox 651 483 849 520; x_wconf 78' lang='lat' dir='ltr'><strong>ovatum,</strong></span> <span class='ocrx_word' id='word_1_23' title='bbox 876 473 1068 513; x_wconf 73' lang='lat' dir='ltr'><strong>hirtum,</strong></span> <span class='ocrx_word' id='word_1_24' title='bbox 1086 474 1160 512; x_wconf 76' lang='lat' dir='ltr'><strong>vix</strong></span> <span class='ocrx_word' id='word_1_25' title='bbox 1195 481 1403 519; x_wconf 83' lang='lat' dir='ltr'><strong>setosum‚</strong></span> <span class='ocrx_word' id='word_1_26' title='bbox 1428 475 1474 513; x_wconf 87' lang='lat' dir='ltr'><strong>in</strong></span> <span class='ocrx_word' id='word_1_27' title='bbox 1505 473 1588 514; x_wconf 88' lang='lat' dir='ltr'><strong>hoc</strong></span> <span class='ocrx_word' id='word_1_28' title='bbox 1607 474 1778 513; x_wconf 82' lang='lat' dir='ltr'>Ordine</span> <span class='ocrx_word' id='word_1_29' title='bbox 1806 475 1930 513; x_wconf 86' lang='lat' dir='ltr'><strong>Inse-</strong></span> 
     </span>
     <span class='ocr_line' id='line_1_6' title="bbox 160 529 1931 585; baseline -0.002 -12"><span class='ocrx_word' id='word_1_30' title='bbox 160 547 333 579; x_wconf 80' lang='lat' dir='ltr'><strong>ctorurn</strong></span> <span class='ocrx_word' id='word_1_31' title='bbox 367 545 430 574; x_wconf 83' lang='lat' dir='ltr'><strong>sat</strong></span> <span class='ocrx_word' id='word_1_32' title='bbox 455 546 675 585; x_wconf 78' lang='lat' dir='ltr'><strong>inagnum.</strong></span> <span class='ocrx_word' id='word_1_33' title='bbox 700 534 731 571; x_wconf 88' lang='lat' dir='ltr'>C</span> <span class='ocrx_word' id='word_1_34' title='bbox 751 545 772 570; x_wconf 82' lang='lat' dir='ltr'><strong>a</strong></span> <span class='ocrx_word' id='word_1_35' title='bbox 793 545 859 582; x_wconf 86' lang='lat' dir='ltr'><strong>pu</strong></span> <span class='ocrx_word' id='word_1_36' title='bbox 879 539 894 568; x_wconf 87' lang='lat' dir='ltr'><strong>t</strong></span> <span class='ocrx_word' id='word_1_37' title='bbox 928 539 1246 576; x_wconf 81' lang='lat' dir='ltr'><strong>transversum,</strong></span> <span class='ocrx_word' id='word_1_38' title='bbox 1264 529 1445 569; x_wconf 83' lang='lat' dir='ltr'>thorace</span> <span class='ocrx_word' id='word_1_39' title='bbox 1471 533 1541 569; x_wconf 77' lang='lat' dir='ltr'><strong>vix</strong></span> <span class='ocrx_word' id='word_1_40' title='bbox 1567 533 1811 581; x_wconf 78' lang='lat' dir='ltr'><strong>angustius,</strong></span> <span class='ocrx_word' id='word_1_41' title='bbox 1837 544 1931 569; x_wconf 88' lang='lat' dir='ltr'><strong>cor-</strong></span> 
     </span>
     <span class='ocr_line' id='line_1_7' title="bbox 155 587 1932 638; baseline -0.005 -5"><span class='ocrx_word' id='word_1_42' title='bbox 155 606 320 633; x_wconf 79' lang='lat' dir='ltr'><strong>neum:</strong></span> <span class='ocrx_word' id='word_1_43' title='bbox 349 592 488 631; x_wconf 82' lang='lat' dir='ltr'><strong>oculis</strong></span> <span class='ocrx_word' id='word_1_44' title='bbox 509 591 652 635; x_wconf 87' lang='lat' dir='ltr'><strong>nudis,</strong></span> <span class='ocrx_word' id='word_1_45' title='bbox 677 588 766 627; x_wconf 75' lang='lat' dir='ltr'><strong>late</strong></span> <span class='ocrx_word' id='word_1_46' title='bbox 802 587 1087 633; x_wconf 84' lang='lat' dir='ltr'><strong>distantibus,</strong></span> <span class='ocrx_word' id='word_1_47' title='bbox 1114 588 1314 633; x_wconf 83' lang='lat' dir='ltr'><strong>exsertis,</strong></span> <span class='ocrx_word' id='word_1_48' title='bbox 1334 599 1491 637; x_wconf 85' lang='lat' dir='ltr'><strong>parum</strong></span> <span class='ocrx_word' id='word_1_49' title='bbox 1525 587 1741 638; x_wconf 80' lang='lat' dir='ltr'>oblongis,</span> <span class='ocrx_word' id='word_1_50' title='bbox 1764 588 1932 625; x_wconf 82' lang='lat' dir='ltr'><strong>medio·</strong></span> 
     </span>
     <span class='ocr_line' id='line_1_8' title="bbox 158 642 1923 700; baseline -0.005 -11"><span class='ocrx_word' id='word_1_51' title='bbox 158 650 316 689; x_wconf 72' lang='lat' dir='ltr'><strong>eribus.</strong></span> <span class='ocrx_word' id='word_1_52' title='bbox 344 651 566 700; x_wconf 77' lang='lat' dir='ltr'><strong>Aper-tura</strong></span> <span class='ocrx_word' id='word_1_53' title='bbox 603 646 689 683; x_wconf 89' lang='lat' dir='ltr'><strong>oris</strong></span> <span class='ocrx_word' id='word_1_54' title='bbox 723 645 988 694; x_wconf 76' lang='lat' dir='ltr'><strong>exigua‚aut</strong></span> <span class='ocrx_word' id='word_1_55' title='bbox 1024 645 1095 680; x_wconf 77' lang='lat' dir='ltr'><strong>vix</strong></span> <span class='ocrx_word' id='word_1_56' title='bbox 1127 642 1234 688; x_wconf 77' lang='lat' dir='ltr'><strong>ulla,</strong></span> <span class='ocrx_word' id='word_1_57' title='bbox 1269 642 1296 680; x_wconf 86' lang='lat'><strong>1.</strong></span> <span class='ocrx_word' id='word_1_58' title='bbox 1321 644 1480 692; x_wconf 90' lang='lat' dir='ltr'><strong>porosl</strong></span> <span class='ocrx_word' id='word_1_59' title='bbox 1513 643 1747 682; x_wconf 79' lang='lat' dir='ltr'><strong>tubercula</strong></span> <span class='ocrx_word' id='word_1_60' title='bbox 1768 646 1868 689; x_wconf 78' lang='lat' dir='ltr'><strong>tria,</strong></span> <span class='ocrx_word' id='word_1_61' title='bbox 1893 656 1923 682; x_wconf 89' lang='lat' dir='ltr'><strong>s.</strong></span> 
     </span>
     <span class='ocr_line' id='line_1_9' title="bbox 155 699 1929 751; baseline -0.003 -7"><span class='ocrx_word' id='word_1_62' title='bbox 155 707 415 745; x_wconf 82' lang='lat' dir='ltr'><strong>rudimenta</strong></span> <span class='ocrx_word' id='word_1_63' title='bbox 463 701 678 741; x_wconf 86' lang='lat' dir='ltr'><strong>haustelli</strong></span> <span class='ocrx_word' id='word_1_64' title='bbox 716 701 1041 751; x_wconf 78' lang='lat' dir='ltr'><strong>palporumque</strong></span> <span class='ocrx_word' id='word_1_65' title='bbox 1083 699 1355 737; x_wconf 78' lang='lat' dir='ltr'><strong>includens?</strong></span> <span class='ocrx_word' id='word_1_66' title='bbox 1387 722 1440 731; x_wconf 89' lang='lat'>-</span> <span class='ocrx_word' id='word_1_67' title='bbox 1473 700 1763 738; x_wconf 84' lang='lat' dir='ltr'><strong>Haustellum</strong></span> <span class='ocrx_word' id='word_1_68' title='bbox 1795 700 1929 738; x_wconf 85' lang='lat' dir='ltr'><strong>breve</strong></span> 
     </span>
     <span class='ocr_line' id='line_1_10' title="bbox 157 755 1925 811; baseline -0.003 -10"><span class='ocrx_word' id='word_1_69' title='bbox 157 764 365 801; x_wconf 81' lang='lat' dir='ltr'><strong>conicum</strong></span> <span class='ocrx_word' id='word_1_70' title='bbox 412 773 520 811; x_wconf 88' lang='lat' dir='ltr'><strong>poro</strong></span> <span class='ocrx_word' id='word_1_71' title='bbox 571 757 794 796; x_wconf 85' lang='lat' dir='ltr'><strong>labiorum</strong></span> <span class='ocrx_word' id='word_1_72' title='bbox 844 755 1193 806; x_wconf 75' lang='lat' dir='ltr'><strong>correspondens</strong></span> <span class='ocrx_word' id='word_1_73' title='bbox 1225 755 1460 804; x_wconf 79' lang='lat' dir='ltr'><strong>descripsit</strong></span> <span class='ocrx_word' id='word_1_74' title='bbox 1512 756 1603 793; x_wconf 89' lang='lat' dir='ltr'><strong>Cel.</strong></span> <span class='ocrx_word' id='word_1_75' title='bbox 1643 757 1773 794; x_wconf 52' lang='lat' dir='ltr'><strong>Fam.</strong></span> <span class='ocrx_word' id='word_1_76' title='bbox 1811 758 1925 807; x_wconf 72' lang='lat' dir='ltr'><strong>Syst.</strong></span> 
     </span>
     <span class='ocr_line' id='line_1_11' title="bbox 155 811 1930 863; baseline -0.003 -7"><span class='ocrx_word' id='word_1_77' title='bbox 155 819 280 857; x_wconf 83' lang='lat' dir='ltr'><strong>Antl.</strong></span> <span class='ocrx_word' id='word_1_78' title='bbox 322 824 418 863; x_wconf 80' lang='lat'><strong>228,</strong></span> <span class='ocrx_word' id='word_1_79' title='bbox 454 823 498 853; x_wconf 80' lang='lat' dir='ltr'><strong>et</strong></span> <span class='ocrx_word' id='word_1_80' title='bbox 526 815 574 852; x_wconf 88' lang='lat' dir='ltr'><strong>in</strong></span> <span class='ocrx_word' id='word_1_81' title='bbox 605 816 702 852; x_wconf 88' lang='lat' dir='ltr'><strong>vivo</strong></span> <span class='ocrx_word' id='word_1_82' title='bbox 737 815 926 859; x_wconf 68' lang='lat' dir='ltr'><strong>inseem,</strong></span> <span class='ocrx_word' id='word_1_83' title='bbox 971 812 1301 861; x_wconf 76' lang='lat' dir='ltr'><strong>compressione</strong></span> <span class='ocrx_word' id='word_1_84' title='bbox 1326 813 1444 849; x_wconf 75' lang='lat' dir='ltr'><strong>intra</strong></span> <span class='ocrx_word' id='word_1_85' title='bbox 1478 811 1638 862; x_wconf 81' lang='lat' dir='ltr'><strong>digitos</strong></span> <span class='ocrx_word' id='word_1_86' title='bbox 1671 812 1785 849; x_wconf 82' lang='lat' dir='ltr'><strong>facta</strong></span> <span class='ocrx_word' id='word_1_87' title='bbox 1817 813 1930 850; x_wconf 89' lang='lat' dir='ltr'><strong>vidit</strong></span> 
     </span>
     <span class='ocr_line' id='line_1_12' title="bbox 156 867 1931 917; baseline -0.003 -5"><span class='ocrx_word' id='word_1_88' title='bbox 156 874 250 913; x_wconf 81' lang='lat' dir='ltr'><strong>Cel.</strong></span> <span class='ocrx_word' id='word_1_89' title='bbox 290 874 341 912; x_wconf 92' lang='lat' dir='ltr'><strong>D.</strong></span> <span class='ocrx_word' id='word_1_90' title='bbox 380 870 591 916; x_wconf 69' lang='lat' dir='ltr'><strong>Monet-m,</strong></span> <span class='ocrx_word' id='word_1_91' title='bbox 633 871 725 908; x_wconf 70' lang='lat' dir='ltr'><strong>Act.</strong></span> <span class='ocrx_word' id='word_1_92' title='bbox 770 868 921 907; x_wconf 85' lang='lat' dir='ltr'><strong>Holm.</strong></span> <span class='ocrx_word' id='word_1_93' title='bbox 981 868 1031 907; x_wconf 87' lang='lat' dir='ltr'><strong>T.</strong></span> <span class='ocrx_word' id='word_1_94' title='bbox 1072 880 1108 916; x_wconf 78' lang='lat'><strong>7.</strong></span> <span class='ocrx_word' id='word_1_95' title='bbox 1148 890 1201 897; x_wconf 90' lang='lat'><strong>——</strong></span> <span class='ocrx_word' id='word_1_96' title='bbox 1250 867 1406 917; x_wconf 85' lang='lat' dir='ltr'><strong>Palpos</strong></span> <span class='ocrx_word' id='word_1_97' title='bbox 1456 868 1508 905; x_wconf 84' lang='lat' dir='ltr'><strong>ad</strong></span> <span class='ocrx_word' id='word_1_98' title='bbox 1556 868 1678 906; x_wconf 77' lang='lat' dir='ltr'><strong>basin</strong></span> <span class='ocrx_word' id='word_1_99' title='bbox 1715 867 1931 907; x_wconf 82' lang='lat' dir='ltr'><strong>haustelli</strong></span> 
     </span>
     <span class='ocr_line' id='line_1_13' title="bbox 155 924 1930 974; baseline -0.003 -6"><span class='ocrx_word' id='word_1_100' title='bbox 155 931 344 968; x_wconf 86' lang='lat' dir='ltr'><strong>insertos</strong></span> <span class='ocrx_word' id='word_1_101' title='bbox 377 929 543 973; x_wconf 81' lang='lat' dir='ltr'><strong>adesse,</strong></span> <span class='ocrx_word' id='word_1_102' title='bbox 579 926 815 963; x_wconf 88' lang='lat' dir='ltr'><strong>contendit</strong></span> <span class='ocrx_word' id='word_1_103' title='bbox 860 925 914 964; x_wconf 81' lang='lat' dir='ltr'><strong>D,</strong></span> <span class='ocrx_word' id='word_1_104' title='bbox 953 924 1107 962; x_wconf 60' lang='grc' dir='ltr'><strong>ΟΜΝ(</strong></span> <span class='ocrx_word' id='word_1_105' title='bbox 1142 925 1231 961; x_wconf 82' lang='lat' dir='ltr'><strong>Act.</strong></span> <span class='ocrx_word' id='word_1_106' title='bbox 1271 924 1363 962; x_wconf 82' lang='lat' dir='ltr'><strong>Soc.</strong></span> <span class='ocrx_word' id='word_1_107' title='bbox 1400 924 1528 962; x_wconf 88' lang='lat' dir='ltr'><strong>Linn.</strong></span> <span class='ocrx_word' id='word_1_108' title='bbox 1569 938 1609 974; x_wconf 75' lang='lat'><strong>5,</strong></span> <span class='ocrx_word' id='word_1_109' title='bbox 1663 924 1723 970; x_wconf 82' lang='lat' dir='ltr'><strong>id,</strong></span> <span class='ocrx_word' id='word_1_110' title='bbox 1759 925 1874 974; x_wconf 85' lang='lat' dir='ltr'><strong>quod</strong></span> <span class='ocrx_word' id='word_1_111' title='bbox 1905 937 1930 963; x_wconf 76' lang='lat' dir='ltr'><strong>a</strong></span> 
     </span>
     <span class='ocr_line' id='line_1_14' title="bbox 154 980 1927 1032; baseline -0.003 -9"><span class='ocrx_word' id='word_1_112' title='bbox 154 987 208 1026; x_wconf 86' lang='lat' dir='ltr'><strong>D.</strong></span> <span class='ocrx_word' id='word_1_113' title='bbox 249 987 467 1025; x_wconf 59' lang='lat' dir='ltr'><strong>Fater-1010</strong></span> <span class='ocrx_word' id='word_1_114' title='bbox 497 985 541 1021; x_wconf 90' lang='lat' dir='ltr'><strong>in</strong></span> <span class='ocrx_word' id='word_1_115' title='bbox 575 982 760 1020; x_wconf 83' lang='lat' dir='ltr'><strong>dubium</strong></span> <span class='ocrx_word' id='word_1_116' title='bbox 796 988 995 1021; x_wconf 78' lang='lat' dir='ltr'><strong>vocatur.</strong></span> <span class='ocrx_word' id='word_1_117' title='bbox 1039 980 1320 1018; x_wconf 72' lang='lat' dir='ltr'><strong>Prasentiam</strong></span> <span class='ocrx_word' id='word_1_118' title='bbox 1354 981 1439 1016; x_wconf 85' lang='lat' dir='ltr'><strong>oris</strong></span> <span class='ocrx_word' id='word_1_119' title='bbox 1472 993 1632 1032; x_wconf 80' lang='lat' dir='ltr'><strong>negare</strong></span> <span class='ocrx_word' id='word_1_120' title='bbox 1668 980 1927 1020; x_wconf 67' lang='lat' dir='ltr'><strong>videtur-CI.</strong></span> 
     </span>
     <span class='ocr_line' id='line_1_15' title="bbox 153 1036 1929 1088; baseline -0.005 -9"><span class='ocrx_word' id='word_1_121' title='bbox 153 1042 352 1080; x_wconf 68' lang='lat' dir='ltr'><strong>Flscumz</strong></span> <span class='ocrx_word' id='word_1_122' title='bbox 384 1043 430 1078; x_wconf 89' lang='lat' dir='ltr'><strong>in</strong></span> <span class='ocrx_word' id='word_1_123' title='bbox 465 1041 646 1079; x_wconf 89' lang='lat' dir='ltr'><strong>Contin.</strong></span> <span class='ocrx_word' id='word_1_124' title='bbox 696 1052 730 1088; x_wconf 84' lang='lat'><strong>3.</strong></span> <span class='ocrx_word' id='word_1_125' title='bbox 766 1037 1073 1087; x_wconf 80' lang='lat' dir='ltr'><strong>Expositionis</strong></span> <span class='ocrx_word' id='word_1_126' title='bbox 1107 1036 1341 1073; x_wconf 67' lang='lat' dir='ltr'><strong>Vei-mium</strong></span> <span class='ocrx_word' id='word_1_127' title='bbox 1375 1037 1525 1077; x_wconf 81' lang='lat' dir='ltr'><strong>intest.</strong></span> <span class='ocrx_word' id='word_1_128' title='bbox 1561 1039 1796 1083; x_wconf 57' lang='lat' dir='ltr'><strong>waimara,</strong></span> <span class='ocrx_word' id='word_1_129' title='bbox 1833 1048 1929 1088; x_wconf 76' lang='lat' dir='ltr'><strong>pag,</strong></span> 
     </span>
     <span class='ocr_line' id='line_1_16' title="bbox 150 1091 1927 1147; baseline -0.001 -14"><span class='ocrx_word' id='word_1_130' title='bbox 150 1110 205 1147; x_wconf 87' lang='lat'><strong>27</strong></span> <span class='ocrx_word' id='word_1_131' title='bbox 245 1099 359 1146; x_wconf 82' lang='lat' dir='ltr'><strong>Lips.</strong></span> <span class='ocrx_word' id='word_1_132' title='bbox 391 1103 512 1145; x_wconf 75' lang='lat'>1788,</span> <span class='ocrx_word' id='word_1_133' title='bbox 549 1095 733 1132; x_wconf 88' lang='lat' dir='ltr'><strong>Oestros</strong></span> <span class='ocrx_word' id='word_1_134' title='bbox 764 1101 808 1130; x_wconf 88' lang='lat' dir='ltr'><strong>et</strong></span> <span class='ocrx_word' id='word_1_135' title='bbox 843 1099 1028 1142; x_wconf 86' lang='lat' dir='ltr'><strong>propter</strong></span> <span class='ocrx_word' id='word_1_136' title='bbox 1063 1093 1156 1131; x_wconf 74' lang='lat' dir='ltr'><strong>vitm</strong></span> <span class='ocrx_word' id='word_1_137' title='bbox 1182 1091 1452 1129; x_wconf 85' lang='lat' dir='ltr'><strong>brevitatem</strong></span> <span class='ocrx_word' id='word_1_138' title='bbox 1486 1100 1529 1130; x_wconf 87' lang='lat' dir='ltr'><strong>et</strong></span> <span class='ocrx_word' id='word_1_139' title='bbox 1562 1093 1808 1142; x_wconf 70' lang='lat' dir='ltr'><strong>perfectam</strong></span> <span class='ocrx_word' id='word_1_140' title='bbox 1832 1107 1927 1131; x_wconf 88' lang='lat' dir='ltr'><strong>cor-</strong></span> 
     </span>
     <span class='ocr_line' id='line_1_17' title="bbox 151 1147 1929 1205; baseline -0.003 -13"><span class='ocrx_word' id='word_1_141' title='bbox 151 1155 272 1205; x_wconf 85' lang='lat' dir='ltr'><strong>poris</strong></span> <span class='ocrx_word' id='word_1_142' title='bbox 304 1152 613 1191; x_wconf 87' lang='lat' dir='ltr'><strong>conditionem</strong></span> <span class='ocrx_word' id='word_1_143' title='bbox 643 1149 695 1187; x_wconf 84' lang='lat' dir='ltr'><strong>ab</strong></span> <span class='ocrx_word' id='word_1_144' title='bbox 737 1148 968 1186; x_wconf 81' lang='lat' dir='ltr'><strong>alimentis</strong></span> <span class='ocrx_word' id='word_1_145' title='bbox 994 1147 1220 1196; x_wconf 19' lang='lat' dir='ltr'><strong>*omnibus</strong></span> <span class='ocrx_word' id='word_1_146' title='bbox 1262 1147 1486 1186; x_wconf 83' lang='lat' dir='ltr'><strong>abstinere</strong></span> <span class='ocrx_word' id='word_1_147' title='bbox 1518 1150 1592 1186; x_wconf 81' lang='lat' dir='ltr'><strong>vix</strong></span> <span class='ocrx_word' id='word_1_148' title='bbox 1623 1150 1710 1186; x_wconf 87' lang='lat' dir='ltr'><strong>rite</strong></span> <span class='ocrx_word' id='word_1_149' title='bbox 1743 1157 1929 1187; x_wconf 89' lang='lat' dir='ltr'><strong>conten-</strong></span> 
     </span>
     <span class='ocr_line' id='line_1_18' title="bbox 152 1202 1926 1255; baseline -0.004 -7"><span class='ocrx_word' id='word_1_150' title='bbox 152 1211 274 1249; x_wconf 87' lang='lat' dir='ltr'><strong>dens.</strong></span> <span class='ocrx_word' id='word_1_151' title='bbox 316 1231 371 1238; x_wconf 92' lang='lat'><strong>--</strong></span> <span class='ocrx_word' id='word_1_152' title='bbox 436 1210 738 1245; x_wconf 87' lang='lat' dir='ltr'><strong>Antennae</strong></span> <span class='ocrx_word' id='word_1_153' title='bbox 789 1218 810 1242; x_wconf 85' lang='lat' dir='ltr'><strong>e</strong></span> <span class='ocrx_word' id='word_1_154' title='bbox 843 1204 987 1242; x_wconf 81' lang='lat' dir='ltr'><strong>tribus</strong></span> <span class='ocrx_word' id='word_1_155' title='bbox 1040 1207 1151 1252; x_wconf 89' lang='lat' dir='ltr'><strong>(non</strong></span> <span class='ocrx_word' id='word_1_156' title='bbox 1199 1202 1250 1240; x_wconf 86' lang='lat' dir='ltr'><strong>ab</strong></span> <span class='ocrx_word' id='word_1_157' title='bbox 1304 1205 1449 1248; x_wconf 91' lang='lat' dir='ltr'><strong>unico,</strong></span> <span class='ocrx_word' id='word_1_158' title='bbox 1505 1212 1554 1242; x_wconf 91' lang='lat' dir='ltr'><strong>ut</strong></span> <span class='ocrx_word' id='word_1_159' title='bbox 1589 1205 1735 1243; x_wconf 88' lang='lat' dir='ltr'><strong>voluit</strong></span> <span class='ocrx_word' id='word_1_160' title='bbox 1769 1205 1926 1255; x_wconf 50' lang='lat' dir='ltr'><strong>Fam.)</strong></span> 
     </span>
     <span class='ocr_line' id='line_1_19' title="bbox 151 1260 1926 1311; baseline -0.003 -7"><span class='ocrx_word' id='word_1_161' title='bbox 151 1265 360 1305; x_wconf 73' lang='lat' dir='ltr'><strong>articulis</strong></span> <span class='ocrx_word' id='word_1_162' title='bbox 395 1270 618 1308; x_wconf 82' lang='lat' dir='ltr'><strong>constant,</strong></span> <span class='ocrx_word' id='word_1_163' title='bbox 641 1262 768 1299; x_wconf 88' lang='lat' dir='ltr'><strong>dorso</strong></span> <span class='ocrx_word' id='word_1_164' title='bbox 802 1262 1012 1311; x_wconf 61' lang='lat' dir='ltr'><strong>setigerae,</strong></span> <span class='ocrx_word' id='word_1_165' title='bbox 1048 1260 1187 1296; x_wconf 81' lang='lat' dir='ltr'><strong>foveis</strong></span> <span class='ocrx_word' id='word_1_166' title='bbox 1217 1261 1261 1296; x_wconf 84' lang='lat' dir='ltr'><strong>in</strong></span> <span class='ocrx_word' id='word_1_167' title='bbox 1290 1261 1436 1298; x_wconf 82' lang='lat' dir='ltr'><strong>medio</strong></span> <span class='ocrx_word' id='word_1_168' title='bbox 1461 1260 1621 1298; x_wconf 85' lang='lat' dir='ltr'><strong>frontis</strong></span> <span class='ocrx_word' id='word_1_169' title='bbox 1654 1263 1837 1305; x_wconf 78' lang='lat' dir='ltr'><strong>insertae,</strong></span> <span class='ocrx_word' id='word_1_170' title='bbox 1857 1274 1926 1299; x_wconf 83' lang='lat' dir='ltr'><strong>ca-</strong></span> 
     </span>
     <span class='ocr_line' id='line_1_20' title="bbox 151 1315 1926 1371; baseline -0.007 -10"><span class='ocrx_word' id='word_1_171' title='bbox 151 1323 253 1361; x_wconf 86' lang='lat' dir='ltr'><strong>rina</strong></span> <span class='ocrx_word' id='word_1_172' title='bbox 286 1322 440 1371; x_wconf 84' lang='lat' dir='ltr'><strong>saepius</strong></span> <span class='ocrx_word' id='word_1_173' title='bbox 475 1319 726 1367; x_wconf 61' lang='lat' dir='ltr'><strong>disjunctas:</strong></span> <span class='ocrx_word' id='word_1_174' title='bbox 787 1316 978 1354; x_wconf 86' lang='lat' dir='ltr'><strong>articulo</strong></span> <span class='ocrx_word' id='word_1_175' title='bbox 1010 1315 1173 1353; x_wconf 77' lang='lat' dir='ltr'><strong>ultimo</strong></span> <span class='ocrx_word' id='word_1_176' title='bbox 1206 1316 1511 1365; x_wconf 74' lang='lat' dir='ltr'><strong>semigloboso.</strong></span> <span class='ocrx_word' id='word_1_177' title='bbox 1572 1316 1675 1356; x_wconf 60' lang='lat' dir='ltr'><strong>Ala·</strong></span> <span class='ocrx_word' id='word_1_178' title='bbox 1712 1317 1926 1355; x_wconf 71' lang='lat' dir='ltr'><strong>divarica-</strong></span> 
     </span>
     <span class='ocr_line' id='line_1_21' title="bbox 149 1371 1928 1425; baseline -0.002 -10"><span class='ocrx_word' id='word_1_179' title='bbox 149 1386 231 1418; x_wconf 76' lang='lat' dir='ltr'><strong>tae:</strong></span> <span class='ocrx_word' id='word_1_180' title='bbox 282 1389 420 1415; x_wconf 83' lang='lat' dir='ltr'><strong>nervo</strong></span> <span class='ocrx_word' id='word_1_181' title='bbox 452 1384 609 1425; x_wconf 86' lang='lat' dir='ltr'><strong>quarto</strong></span> <span class='ocrx_word' id='word_1_182' title='bbox 639 1373 966 1424; x_wconf 79' lang='lat' dir='ltr'><strong>longitudinali</strong></span> <span class='ocrx_word' id='word_1_183' title='bbox 1008 1371 1080 1408; x_wconf 82' lang='lat' dir='ltr'><strong>vel</strong></span> <span class='ocrx_word' id='word_1_184' title='bbox 1108 1372 1360 1420; x_wconf 73' lang='lat' dir='ltr'><strong>angulatim</strong></span> <span class='ocrx_word' id='word_1_185' title='bbox 1415 1373 1556 1411; x_wconf 84' lang='lat' dir='ltr'><strong>fracto</strong></span> <span class='ocrx_word' id='word_1_186' title='bbox 1600 1380 1644 1410; x_wconf 83' lang='lat' dir='ltr'><strong>et</strong></span> <span class='ocrx_word' id='word_1_187' title='bbox 1674 1386 1824 1411; x_wconf 83' lang='lat' dir='ltr'><strong>versus</strong></span> <span class='ocrx_word' id='word_1_188' title='bbox 1858 1386 1928 1412; x_wconf 91' lang='lat' dir='ltr'><strong>co-</strong></span> 
     </span>
     <span class='ocr_line' id='line_1_22' title="bbox 149 1426 1924 1479; baseline -0.002 -7"><span class='ocrx_word' id='word_1_189' title='bbox 149 1442 262 1472; x_wconf 79' lang='lat' dir='ltr'><strong>stam</strong></span> <span class='ocrx_word' id='word_1_190' title='bbox 291 1434 420 1475; x_wconf 82' lang='lat' dir='ltr'><strong>flexo,</strong></span> <span class='ocrx_word' id='word_1_191' title='bbox 458 1431 530 1469; x_wconf 86' lang='lat' dir='ltr'><strong>vel</strong></span> <span class='ocrx_word' id='word_1_192' title='bbox 564 1431 725 1479; x_wconf 78' lang='lat' dir='ltr'><strong>absque</strong></span> <span class='ocrx_word' id='word_1_193' title='bbox 756 1429 958 1467; x_wconf 76' lang='lat' dir='ltr'><strong>flexione</strong></span> <span class='ocrx_word' id='word_1_194' title='bbox 990 1426 1390 1473; x_wconf 69' lang='lat' dir='ltr'><strong>longitudinaliter</strong></span> <span class='ocrx_word' id='word_1_195' title='bbox 1423 1428 1736 1467; x_wconf 82' lang='lat' dir='ltr'><strong>descendente.</strong></span> <span class='ocrx_word' id='word_1_196' title='bbox 1776 1430 1830 1468; x_wconf 90' lang='lat' dir='ltr'><strong>In</strong></span> <span class='ocrx_word' id='word_1_197' title='bbox 1856 1428 1924 1468; x_wconf 87' lang='lat' dir='ltr'><strong>his</strong></span> 
     </span>
     <span class='ocr_line' id='line_1_23' title="bbox 150 1482 1925 1535; baseline -0.003 -6"><span class='ocrx_word' id='word_1_198' title='bbox 150 1491 283 1529; x_wconf 85' lang='lat' dir='ltr'><strong>nervi</strong></span> <span class='ocrx_word' id='word_1_199' title='bbox 317 1496 420 1527; x_wconf 87' lang='lat' dir='ltr'><strong>sunt</strong></span> <span class='ocrx_word' id='word_1_200' title='bbox 450 1487 718 1526; x_wconf 80' lang='lat' dir='ltr'><strong>tenuissimi.</strong></span> <span class='ocrx_word' id='word_1_201' title='bbox 783 1485 958 1524; x_wconf 85' lang='lat' dir='ltr'><strong>Pedes</strong></span> <span class='ocrx_word' id='word_1_202' title='bbox 1010 1483 1163 1530; x_wconf 84' lang='lat' dir='ltr'><strong>validi,</strong></span> <span class='ocrx_word' id='word_1_203' title='bbox 1221 1482 1397 1535; x_wconf 70' lang='lat' dir='ltr'><strong>hirsuti,</strong></span> <span class='ocrx_word' id='word_1_204' title='bbox 1455 1484 1483 1521; x_wconf 91' lang='lat' dir='ltr'><strong>l.</strong></span> <span class='ocrx_word' id='word_1_205' title='bbox 1517 1485 1661 1535; x_wconf 82' lang='lat' dir='ltr'><strong>pilosi.</strong></span> <span class='ocrx_word' id='word_1_206' title='bbox 1697 1508 1751 1515; x_wconf 92' lang='lat'>—</span> <span class='ocrx_word' id='word_1_207' title='bbox 1803 1486 1925 1524; x_wconf 83' lang='lat' dir='ltr'><strong>Mas</strong></span> 
     </span>
     <span class='ocr_line' id='line_1_24' title="bbox 152 1540 1927 1596; baseline -0.002 -11"><span class='ocrx_word' id='word_1_208' title='bbox 152 1558 238 1585; x_wconf 81' lang='lat' dir='ltr'><strong>ano</strong></span> <span class='ocrx_word' id='word_1_209' title='bbox 265 1545 428 1596; x_wconf 85' lang='lat' dir='ltr'><strong>gaudet</strong></span> <span class='ocrx_word' id='word_1_210' title='bbox 458 1543 629 1590; x_wconf 85' lang='lat' dir='ltr'><strong>obtuso,</strong></span> <span class='ocrx_word' id='word_1_211' title='bbox 669 1541 868 1592; x_wconf 82' lang='lat' dir='ltr'><strong>genitale</strong></span> <span class='ocrx_word' id='word_1_212' title='bbox 899 1540 1038 1584; x_wconf 88' lang='lat' dir='ltr'><strong>brevi,</strong></span> <span class='ocrx_word' id='word_1_213' title='bbox 1095 1553 1271 1585; x_wconf 86' lang='lat' dir='ltr'><strong>corneo,</strong></span> <span class='ocrx_word' id='word_1_214' title='bbox 1321 1541 1501 1578; x_wconf 78' lang='lat' dir='ltr'><strong>inflexo.</strong></span> <span class='ocrx_word' id='word_1_215' title='bbox 1566 1542 1802 1579; x_wconf 85' lang='lat' dir='ltr'><strong>Femina</strong></span> <span class='ocrx_word' id='word_1_216' title='bbox 1855 1542 1927 1581; x_wconf 89' lang='lat' dir='ltr'><strong>vel</strong></span> 
     </span>
     <span class='ocr_line' id='line_1_25' title="bbox 151 1595 1927 1653; baseline -0.002 -12"><span class='ocrx_word' id='word_1_217' title='bbox 151 1603 311 1653; x_wconf 82' lang='lat' dir='ltr'><strong>vagina</strong></span> <span class='ocrx_word' id='word_1_218' title='bbox 343 1601 598 1644; x_wconf 80' lang='lat' dir='ltr'><strong>articulata,</strong></span> <span class='ocrx_word' id='word_1_219' title='bbox 638 1596 911 1649; x_wconf 85' lang='lat' dir='ltr'><strong>cylindrica,</strong></span> <span class='ocrx_word' id='word_1_220' title='bbox 943 1595 1164 1645; x_wconf 80' lang='lat' dir='ltr'><strong>simplici3</strong></span> <span class='ocrx_word' id='word_1_221' title='bbox 1210 1596 1282 1634; x_wconf 86' lang='lat' dir='ltr'><strong>vel</strong></span> <span class='ocrx_word' id='word_1_222' title='bbox 1315 1595 1520 1647; x_wconf 78' lang='lat' dir='ltr'><strong>elongata</strong></span> <span class='ocrx_word' id='word_1_223' title='bbox 1549 1598 1694 1645; x_wconf 82' lang='lat' dir='ltr'><strong>(intra</strong></span> <span class='ocrx_word' id='word_1_224' title='bbox 1725 1609 1927 1648; x_wconf 83' lang='lat' dir='ltr'><strong>segmen-</strong></span> 
     </span>
     <span class='ocr_line' id='line_1_26' title="bbox 152 1652 1922 1704; baseline -0.002 -8"><span class='ocrx_word' id='word_1_225' title='bbox 152 1667 200 1696; x_wconf 84' lang='lat' dir='ltr'><strong>ta</strong></span> <span class='ocrx_word' id='word_1_226' title='bbox 231 1657 378 1696; x_wconf 85' lang='lat' dir='ltr'><strong>analia</strong></span> <span class='ocrx_word' id='word_1_227' title='bbox 411 1658 459 1695; x_wconf 90' lang='lat' dir='ltr'><strong>in</strong></span> <span class='ocrx_word' id='word_1_228' title='bbox 487 1655 646 1695; x_wconf 85' lang='lat' dir='ltr'><strong>tubum</strong></span> <span class='ocrx_word' id='word_1_229' title='bbox 679 1653 887 1693; x_wconf 87' lang='lat' dir='ltr'><strong>conicum</strong></span> <span class='ocrx_word' id='word_1_230' title='bbox 938 1652 1175 1704; x_wconf 85' lang='lat' dir='ltr'><strong>producta)</strong></span> <span class='ocrx_word' id='word_1_231' title='bbox 1226 1660 1270 1690; x_wconf 90' lang='lat' dir='ltr'><strong>et</strong></span> <span class='ocrx_word' id='word_1_232' title='bbox 1323 1652 1443 1691; x_wconf 79' lang='lat' dir='ltr'><strong>infra</strong></span> <span class='ocrx_word' id='word_1_233' title='bbox 1490 1666 1627 1691; x_wconf 88' lang='lat' dir='ltr'><strong>anum</strong></span> <span class='ocrx_word' id='word_1_234' title='bbox 1676 1652 1810 1704; x_wconf 85' lang='lat' dir='ltr'><strong>longe</strong></span> <span class='ocrx_word' id='word_1_235' title='bbox 1852 1655 1922 1693; x_wconf 86' lang='lat' dir='ltr'><strong>in-</strong></span> 
     </span>
     <span class='ocr_line' id='line_1_27' title="bbox 151 1715 410 1757; baseline -0.015 -2"><span class='ocrx_word' id='word_1_236' title='bbox 151 1715 285 1757; x_wconf 78' lang='lat' dir='ltr'><strong>flexa.</strong></span> <span class='ocrx_word' id='word_1_237' title='bbox 355 1735 410 1744; x_wconf 88' lang='lat'><strong>--</strong></span> 
     </span>
    </p>
   </div>
   <div class='ocr_carea' id='block_1_4' title="bbox 150 1784 1926 2615">
    <p class='ocr_par' dir='ltr' id='par_1_4' title="bbox 322 1784 1923 1840">
     <span class='ocr_line' id='line_1_28' title="bbox 322 1784 1923 1840; baseline -0.005 -10"><span class='ocrx_word' id='word_1_238' title='bbox 322 1793 514 1831; x_wconf 86' lang='lat' dir='ltr'><strong>Larvae</strong></span> <span class='ocrx_word' id='word_1_239' title='bbox 556 1789 714 1840; x_wconf 83' lang='lat' dir='ltr'><strong>apodae‚</strong></span> <span class='ocrx_word' id='word_1_240' title='bbox 746 1787 818 1826; x_wconf 81' lang='lat' dir='ltr'><strong>vel</strong></span> <span class='ocrx_word' id='word_1_241' title='bbox 850 1799 1013 1837; x_wconf 76' lang='lat' dir='ltr'><strong>rugosae</strong></span> <span class='ocrx_word' id='word_1_242' title='bbox 1047 1784 1119 1823; x_wconf 86' lang='lat' dir='ltr'><strong>vel</strong></span> <span class='ocrx_word' id='word_1_243' title='bbox 1151 1785 1319 1833; x_wconf 67' lang='lat' dir='ltr'><strong>scabra‘,</strong></span> <span class='ocrx_word' id='word_1_244' title='bbox 1353 1784 1508 1823; x_wconf 80' lang='lat' dir='ltr'><strong>obtuse</strong></span> <span class='ocrx_word' id='word_1_245' title='bbox 1540 1793 1685 1834; x_wconf 60' lang='lat' dir='ltr'><strong>ovam,</strong></span> <span class='ocrx_word' id='word_1_246' title='bbox 1723 1799 1923 1838; x_wconf 72' lang='lat' dir='ltr'><strong>segmen,</strong></span> 
     </span>
    </p>

    <p class='ocr_par' dir='ltr' id='par_1_5' title="bbox 150 1841 1926 2615">
     <span class='ocr_line' id='line_1_29' title="bbox 152 1841 1926 1892; baseline -0.006 -4"><span class='ocrx_word' id='word_1_247' title='bbox 152 1851 212 1888; x_wconf 86' lang='lat' dir='ltr'><strong>tis</strong></span> <span class='ocrx_word' id='word_1_248' title='bbox 249 1861 365 1889; x_wconf 73' lang='lat'>10—-</span> <span class='ocrx_word' id='word_1_249' title='bbox 391 1860 437 1886; x_wconf 88' lang='lat'><strong>12</strong></span> <span class='ocrx_word' id='word_1_250' title='bbox 491 1848 732 1890; x_wconf 67' lang='lat' dir='ltr'><strong>instructoe,</strong></span> <span class='ocrx_word' id='word_1_251' title='bbox 769 1847 815 1882; x_wconf 88' lang='lat' dir='ltr'><strong>in</strong></span> <span class='ocrx_word' id='word_1_252' title='bbox 848 1842 1118 1882; x_wconf 73' lang='lat' dir='ltr'><strong>animalibus</strong></span> <span class='ocrx_word' id='word_1_253' title='bbox 1152 1841 1296 1880; x_wconf 84' lang='lat' dir='ltr'><strong>calido</strong></span> <span class='ocrx_word' id='word_1_254' title='bbox 1356 1843 1572 1892; x_wconf 85' lang='lat' dir='ltr'><strong>sanguine</strong></span> <span class='ocrx_word' id='word_1_255' title='bbox 1618 1844 1806 1892; x_wconf 48' lang='lat' dir='ltr'><strong>praeditis</strong></span> <span class='ocrx_word' id='word_1_256' title='bbox 1863 1849 1926 1885; x_wconf 71' lang='lat' dir='ltr'><strong>vi-</strong></span> 
     </span>
     <span class='ocr_line' id='line_1_30' title="bbox 151 1898 1922 1954; baseline -0.003 -10"><span class='ocrx_word' id='word_1_257' title='bbox 151 1914 245 1944; x_wconf 88' lang='lat' dir='ltr'><strong>tam</strong></span> <span class='ocrx_word' id='word_1_258' title='bbox 278 1904 463 1954; x_wconf 68' lang='lat' dir='ltr'><strong>degunt,</strong></span> <span class='ocrx_word' id='word_1_259' title='bbox 492 1903 583 1943; x_wconf 74' lang='lat' dir='ltr'><strong>aliae</strong></span> <span class='ocrx_word' id='word_1_260' title='bbox 614 1903 661 1940; x_wconf 89' lang='lat' dir='ltr'><strong>in</strong></span> <span class='ocrx_word' id='word_1_261' title='bbox 688 1901 870 1939; x_wconf 88' lang='lat' dir='ltr'><strong>sinubus</strong></span> <span class='ocrx_word' id='word_1_262' title='bbox 905 1898 1193 1946; x_wconf 78' lang='lat' dir='ltr'><strong>frontalibus,</strong></span> <span class='ocrx_word' id='word_1_263' title='bbox 1224 1898 1316 1939; x_wconf 80' lang='lat' dir='ltr'><strong>aliae</strong></span> <span class='ocrx_word' id='word_1_264' title='bbox 1343 1898 1421 1936; x_wconf 90' lang='lat' dir='ltr'><strong>sub</strong></span> <span class='ocrx_word' id='word_1_265' title='bbox 1453 1906 1577 1943; x_wconf 83' lang='lat' dir='ltr'><strong>cute,</strong></span> <span class='ocrx_word' id='word_1_266' title='bbox 1606 1899 1696 1940; x_wconf 75' lang='lat' dir='ltr'><strong>nliae</strong></span> <span class='ocrx_word' id='word_1_267' title='bbox 1726 1901 1922 1952; x_wconf 74' lang='lat' dir='ltr'><strong>denique</strong></span> 
     </span>
     <span class='ocr_line' id='line_1_31' title="bbox 152 1955 1924 2005; baseline -0.002 -5"><span class='ocrx_word' id='word_1_268' title='bbox 152 1963 202 2001; x_wconf 89' lang='lat' dir='ltr'><strong>in</strong></span> <span class='ocrx_word' id='word_1_269' title='bbox 230 1960 518 2005; x_wconf 77' lang='lat' dir='ltr'><strong>ventricu103</strong></span> <span class='ocrx_word' id='word_1_270' title='bbox 568 1971 652 1996; x_wconf 88' lang='lat' dir='ltr'><strong>nec</strong></span> <span class='ocrx_word' id='word_1_271' title='bbox 687 1965 814 1995; x_wconf 82' lang='lat' dir='ltr'><strong>extra</strong></span> <span class='ocrx_word' id='word_1_272' title='bbox 854 1968 1012 2004; x_wconf 88' lang='lat' dir='ltr'><strong>corpus</strong></span> <span class='ocrx_word' id='word_1_273' title='bbox 1065 1956 1319 1992; x_wconf 67' lang='lat' dir='ltr'><strong>viventium</strong></span> <span class='ocrx_word' id='word_1_274' title='bbox 1371 1955 1638 1993; x_wconf 84' lang='lat' dir='ltr'><strong>animalium</strong></span> <span class='ocrx_word' id='word_1_275' title='bbox 1670 1957 1924 1997; x_wconf 83' lang='lat' dir='ltr'><strong>incremen-</strong></span> 
     </span>
     <span class='ocr_line' id='line_1_32' title="bbox 152 2011 1922 2066; baseline -0.002 -10"><span class='ocrx_word' id='word_1_276' title='bbox 152 2026 253 2056; x_wconf 81' lang='lat' dir='ltr'><strong>tum</strong></span> <span class='ocrx_word' id='word_1_277' title='bbox 276 2029 474 2066; x_wconf 85' lang='lat' dir='ltr'><strong>unquam</strong></span> <span class='ocrx_word' id='word_1_278' title='bbox 506 2016 704 2063; x_wconf 57' lang='lat' dir='ltr'><strong>capiunt.</strong></span> <span class='ocrx_word' id='word_1_279' title='bbox 760 2014 860 2052; x_wconf 72' lang='lat' dir='ltr'><strong>Haec</strong></span> <span class='ocrx_word' id='word_1_280' title='bbox 892 2012 1156 2050; x_wconf 87' lang='lat' dir='ltr'><strong>Oestrorum</strong></span> <span class='ocrx_word' id='word_1_281' title='bbox 1192 2011 1370 2048; x_wconf 88' lang='lat' dir='ltr'><strong>vivendi</strong></span> <span class='ocrx_word' id='word_1_282' title='bbox 1415 2012 1530 2049; x_wconf 84' lang='lat' dir='ltr'><strong>ratio</strong></span> <span class='ocrx_word' id='word_1_283' title='bbox 1561 2011 1694 2061; x_wconf 86' lang='lat' dir='ltr'><strong>plane</strong></span> <span class='ocrx_word' id='word_1_284' title='bbox 1725 2015 1922 2064; x_wconf 82' lang='lat' dir='ltr'><strong>singula-</strong></span> 
     </span>
     <span class='ocr_line' id='line_1_33' title="bbox 153 2068 1923 2121; baseline -0.001 -9"><span class='ocrx_word' id='word_1_285' title='bbox 153 2076 232 2121; x_wconf 80' lang='lat' dir='ltr'><strong>ris,</strong></span> <span class='ocrx_word' id='word_1_286' title='bbox 266 2073 568 2111; x_wconf 80' lang='lat' dir='ltr'><strong>attentionem</strong></span> <span class='ocrx_word' id='word_1_287' title='bbox 604 2072 852 2110; x_wconf 86' lang='lat' dir='ltr'><strong>Doctorum</strong></span> <span class='ocrx_word' id='word_1_288' title='bbox 880 2081 968 2106; x_wconf 92' lang='lat' dir='ltr'><strong>non</strong></span> <span class='ocrx_word' id='word_1_289' title='bbox 1002 2069 1148 2106; x_wconf 89' lang='lat' dir='ltr'><strong>minus</strong></span> <span class='ocrx_word' id='word_1_290' title='bbox 1186 2068 1306 2105; x_wconf 88' lang='lat' dir='ltr'><strong>Artis</strong></span> <span class='ocrx_word' id='word_1_291' title='bbox 1341 2068 1654 2113; x_wconf 57' lang='lat' dir='ltr'><strong>Vetere-naria»,</strong></span> <span class='ocrx_word' id='word_1_292' title='bbox 1688 2079 1817 2117; x_wconf 79' lang='lat' dir='ltr'><strong>quam</strong></span> <span class='ocrx_word' id='word_1_293' title='bbox 1839 2071 1923 2110; x_wconf 88' lang='lat' dir='ltr'><strong>Hi-</strong></span> 
     </span>
     <span class='ocr_line' id='line_1_34' title="bbox 154 2125 1925 2176; baseline -0.005 -10"><span class='ocrx_word' id='word_1_294' title='bbox 154 2131 298 2168; x_wconf 84' lang='lat' dir='ltr'><strong>storiae</strong></span> <span class='ocrx_word' id='word_1_295' title='bbox 329 2127 561 2167; x_wconf 83' lang='lat' dir='ltr'><strong>Naturalis</strong></span> <span class='ocrx_word' id='word_1_296' title='bbox 592 2127 760 2165; x_wconf 88' lang='lat' dir='ltr'><strong>mereri</strong></span> <span class='ocrx_word' id='word_1_297' title='bbox 792 2125 986 2164; x_wconf 85' lang='lat' dir='ltr'><strong>videtur.</strong></span> <span class='ocrx_word' id='word_1_298' title='bbox 1020 2146 1074 2153; x_wconf 90' lang='lat'>—</span> <span class='ocrx_word' id='word_1_299' title='bbox 1135 2125 1239 2163; x_wconf 87' lang='lat' dir='ltr'><strong>Post</strong></span> <span class='ocrx_word' id='word_1_300' title='bbox 1281 2125 1614 2161; x_wconf 82' lang='lat' dir='ltr'><strong>incrementum</strong></span> <span class='ocrx_word' id='word_1_301' title='bbox 1645 2132 1795 2163; x_wconf 84' lang='lat' dir='ltr'><strong>autem</strong></span> <span class='ocrx_word' id='word_1_302' title='bbox 1825 2139 1925 2176; x_wconf 74' lang='lat' dir='ltr'><strong>per-</strong></span> 
     </span>
     <span class='ocr_line' id='line_1_35' title="bbox 151 2179 1921 2231; baseline -0.003 -6"><span class='ocrx_word' id='word_1_303' title='bbox 151 2187 325 2225; x_wconf 77' lang='lat' dir='ltr'><strong>fectum</strong></span> <span class='ocrx_word' id='word_1_304' title='bbox 359 2183 589 2230; x_wconf 81' lang='lat' dir='ltr'><strong>animalia,</strong></span> <span class='ocrx_word' id='word_1_305' title='bbox 630 2182 759 2220; x_wconf 88' lang='lat' dir='ltr'><strong>modo</strong></span> <span class='ocrx_word' id='word_1_306' title='bbox 786 2194 866 2231; x_wconf 87' lang='lat' dir='ltr'><strong>pro</strong></span> <span class='ocrx_word' id='word_1_307' title='bbox 899 2180 1179 2218; x_wconf 81' lang='lat' dir='ltr'><strong>habitatione</strong></span> <span class='ocrx_word' id='word_1_308' title='bbox 1205 2179 1393 2223; x_wconf 82' lang='lat' dir='ltr'><strong>diverso,</strong></span> <span class='ocrx_word' id='word_1_309' title='bbox 1429 2179 1752 2227; x_wconf 82' lang='lat' dir='ltr'><strong>derelinquunt</strong></span> <span class='ocrx_word' id='word_1_310' title='bbox 1782 2182 1921 2231; x_wconf 65' lang='lat' dir='ltr'><strong>lai-vm,</strong></span> 
     </span>
     <span class='ocr_line' id='line_1_36' title="bbox 156 2234 1923 2288; baseline -0.005 -9"><span class='ocrx_word' id='word_1_311' title='bbox 156 2250 235 2280; x_wconf 82' lang='lat' dir='ltr'><strong>aut</strong></span> <span class='ocrx_word' id='word_1_312' title='bbox 268 2240 606 2280; x_wconf 81' lang='lat' dir='ltr'><strong>sternutatione</strong></span> <span class='ocrx_word' id='word_1_313' title='bbox 639 2251 717 2288; x_wconf 82' lang='lat' dir='ltr'><strong>per</strong></span> <span class='ocrx_word' id='word_1_314' title='bbox 747 2251 876 2276; x_wconf 83' lang='lat' dir='ltr'><strong>nares</strong></span> <span class='ocrx_word' id='word_1_315' title='bbox 909 2237 979 2274; x_wconf 88' lang='lat' dir='ltr'><strong>vel</strong></span> <span class='ocrx_word' id='word_1_316' title='bbox 1013 2237 1182 2274; x_wconf 88' lang='lat' dir='ltr'><strong>vomitu</strong></span> <span class='ocrx_word' id='word_1_317' title='bbox 1215 2249 1237 2273; x_wconf 91' lang='lat' dir='ltr'><strong>e</strong></span> <span class='ocrx_word' id='word_1_318' title='bbox 1268 2234 1468 2273; x_wconf 83' lang='lat' dir='ltr'><strong>faucibus</strong></span> <span class='ocrx_word' id='word_1_319' title='bbox 1500 2235 1728 2283; x_wconf 77' lang='lat' dir='ltr'><strong>abeuntes,</strong></span> <span class='ocrx_word' id='word_1_320' title='bbox 1756 2247 1830 2276; x_wconf 86' lang='lat' dir='ltr'><strong>aut</strong></span> <span class='ocrx_word' id='word_1_321' title='bbox 1849 2253 1923 2278; x_wconf 88' lang='lat' dir='ltr'><strong>cu-</strong></span> 
     </span>
     <span class='ocr_line' id='line_1_37' title="bbox 154 2292 1918 2348; baseline -0.001 -12"><span class='ocrx_word' id='word_1_322' title='bbox 154 2306 248 2336; x_wconf 86' lang='lat' dir='ltr'><strong>tem</strong></span> <span class='ocrx_word' id='word_1_323' title='bbox 283 2303 587 2348; x_wconf 82' lang='lat' dir='ltr'><strong>penetrantes,</strong></span> <span class='ocrx_word' id='word_1_324' title='bbox 650 2302 725 2331; x_wconf 86' lang='lat' dir='ltr'><strong>aut</strong></span> <span class='ocrx_word' id='word_1_325' title='bbox 775 2295 892 2332; x_wconf 88' lang='lat' dir='ltr'><strong>viam</strong></span> <span class='ocrx_word' id='word_1_326' title='bbox 929 2292 1018 2330; x_wconf 80' lang='lat' dir='ltr'><strong>alvi</strong></span> <span class='ocrx_word' id='word_1_327' title='bbox 1050 2300 1302 2342; x_wconf 81' lang='lat' dir='ltr'><strong>sequentes,</strong></span> <span class='ocrx_word' id='word_1_328' title='bbox 1351 2292 1397 2330; x_wconf 88' lang='lat' dir='ltr'><strong>in</strong></span> <span class='ocrx_word' id='word_1_329' title='bbox 1431 2299 1596 2329; x_wconf 82' lang='lat' dir='ltr'><strong>terram</strong></span> <span class='ocrx_word' id='word_1_330' title='bbox 1630 2293 1918 2342; x_wconf 83' lang='lat' dir='ltr'><strong>delabuntur,</strong></span> 
     </span>
     <span class='ocr_line' id='line_1_38' title="bbox 154 2347 1921 2399; baseline -0.001 -8"><span class='ocrx_word' id='word_1_331' title='bbox 154 2353 231 2391; x_wconf 83' lang='lat' dir='ltr'><strong>ubi</strong></span> <span class='ocrx_word' id='word_1_332' title='bbox 266 2365 358 2390; x_wconf 79' lang='lat' dir='ltr'><strong>sese</strong></span> <span class='ocrx_word' id='word_1_333' title='bbox 390 2350 687 2394; x_wconf 85' lang='lat' dir='ltr'><strong>abscondunt,</strong></span> <span class='ocrx_word' id='word_1_334' title='bbox 721 2357 765 2386; x_wconf 88' lang='lat' dir='ltr'><strong>et</strong></span> <span class='ocrx_word' id='word_1_335' title='bbox 796 2351 842 2388; x_wconf 88' lang='lat' dir='ltr'><strong>in</strong></span> <span class='ocrx_word' id='word_1_336' title='bbox 875 2361 1025 2399; x_wconf 88' lang='lat' dir='ltr'><strong>pupas,</strong></span> <span class='ocrx_word' id='word_1_337' title='bbox 1061 2349 1196 2386; x_wconf 79' lang='lat' dir='ltr'><strong>larvis</strong></span> <span class='ocrx_word' id='word_1_338' title='bbox 1226 2348 1329 2397; x_wconf 82' lang='lat' dir='ltr'><strong>ipsis</strong></span> <span class='ocrx_word' id='word_1_339' title='bbox 1378 2347 1557 2397; x_wconf 50' lang='lat' dir='ltr'><strong>similes</strong></span> <span class='ocrx_word' id='word_1_340' title='bbox 1599 2350 1921 2391; x_wconf 79' lang='lat' dir='ltr'><strong>transforman-</strong></span> 
     </span>
     <span class='ocr_line' id='line_1_39' title="bbox 155 2404 1923 2454; baseline -0.001 -6"><span class='ocrx_word' id='word_1_341' title='bbox 155 2418 243 2448; x_wconf 85' lang='lat' dir='ltr'><strong>tur.</strong></span> <span class='ocrx_word' id='word_1_342' title='bbox 263 2410 500 2447; x_wconf 85' lang='lat' dir='ltr'><strong>Structura</strong></span> <span class='ocrx_word' id='word_1_343' title='bbox 533 2415 578 2444; x_wconf 86' lang='lat' dir='ltr'><strong>et</strong></span> <span class='ocrx_word' id='word_1_344' title='bbox 613 2404 833 2443; x_wconf 66' lang='lat' dir='ltr'><strong>habitatio</strong></span> <span class='ocrx_word' id='word_1_345' title='bbox 866 2405 1092 2443; x_wconf 83' lang='lat' dir='ltr'><strong>larvarum</strong></span> <span class='ocrx_word' id='word_1_346' title='bbox 1127 2416 1206 2454; x_wconf 90' lang='lat' dir='ltr'><strong>pro</strong></span> <span class='ocrx_word' id='word_1_347' title='bbox 1236 2415 1496 2453; x_wconf 81' lang='lat' dir='ltr'><strong>unaquaque</strong></span> <span class='ocrx_word' id='word_1_348' title='bbox 1527 2405 1670 2453; x_wconf 78' lang='lat' dir='ltr'><strong>specie</strong></span> <span class='ocrx_word' id='word_1_349' title='bbox 1702 2408 1923 2446; x_wconf 84' lang='lat' dir='ltr'><strong>verisimi-</strong></span> 
     </span>
     <span class='ocr_line' id='line_1_40' title="bbox 156 2458 1921 2509; baseline -0.001 -6"><span class='ocrx_word' id='word_1_350' title='bbox 156 2465 265 2503; x_wconf 84' lang='lat' dir='ltr'><strong>liter</strong></span> <span class='ocrx_word' id='word_1_351' title='bbox 297 2465 482 2502; x_wconf 50' lang='lat' dir='ltr'><strong>diversa.</strong></span> <span class='ocrx_word' id='word_1_352' title='bbox 532 2464 708 2501; x_wconf 78' lang='lat' dir='ltr'><strong>Harum</strong></span> <span class='ocrx_word' id='word_1_353' title='bbox 737 2468 889 2499; x_wconf 87' lang='lat' dir='ltr'><strong>tamen</strong></span> <span class='ocrx_word' id='word_1_354' title='bbox 919 2462 1115 2509; x_wconf 68' lang='lat' dir='ltr'><strong>cognitio</strong></span> <span class='ocrx_word' id='word_1_355' title='bbox 1150 2458 1294 2497; x_wconf 92' lang='lat' dir='ltr'><strong>adhuc</strong></span> <span class='ocrx_word' id='word_1_356' title='bbox 1324 2472 1491 2505; x_wconf 85' lang='lat' dir='ltr'><strong>manca,</strong></span> <span class='ocrx_word' id='word_1_357' title='bbox 1535 2460 1799 2499; x_wconf 86' lang='lat' dir='ltr'><strong>ulteriorem</strong></span> <span class='ocrx_word' id='word_1_358' title='bbox 1825 2475 1921 2501; x_wconf 87' lang='lat' dir='ltr'><strong>cer-</strong></span> 
     </span>
     <span class='ocr_line' id='line_1_41' title="bbox 150 2515 1919 2572; baseline -0.002 -11"><span class='ocrx_word' id='word_1_359' title='bbox 150 2525 202 2561; x_wconf 62' lang='lat' dir='ltr'><strong>te</strong></span> <span class='ocrx_word' id='word_1_360' title='bbox 232 2521 425 2572; x_wconf 85' lang='lat' dir='ltr'><strong>requirit</strong></span> <span class='ocrx_word' id='word_1_361' title='bbox 456 2519 806 2570; x_wconf 82' lang='lat' dir='ltr'><strong>indagationem.</strong></span> <span class='ocrx_word' id='word_1_362' title='bbox 857 2518 1044 2556; x_wconf 85' lang='lat' dir='ltr'><strong>Etenim</strong></span> <span class='ocrx_word' id='word_1_363' title='bbox 1089 2523 1134 2555; x_wconf 90' lang='lat' dir='ltr'><strong>et</strong></span> <span class='ocrx_word' id='word_1_364' title='bbox 1165 2515 1307 2555; x_wconf 82' lang='lat' dir='ltr'><strong>larvas</strong></span> <span class='ocrx_word' id='word_1_365' title='bbox 1338 2517 1426 2556; x_wconf 85' lang='lat' dir='ltr'><strong>rite</strong></span> <span class='ocrx_word' id='word_1_366' title='bbox 1460 2517 1838 2565; x_wconf 78' lang='lat' dir='ltr'><strong>determinandas,</strong></span> <span class='ocrx_word' id='word_1_367' title='bbox 1873 2527 1919 2558; x_wconf 86' lang='lat' dir='ltr'><strong>et</strong></span> 
     </span>
     <span class='ocr_line' id='line_1_42' title="bbox 1809 2588 1919 2615; baseline 0.009 -1"><span class='ocrx_word' id='word_1_368' title='bbox 1809 2588 1919 2615; x_wconf 77' lang='lat' dir='ltr'><strong>ima·</strong></span> 
     </span>
    </p>
   </div>
  </div>
 </body>
</html>
