2077 2920
323 63 393 105 ,28-

343 172 419 235 4-16
1078 191 1195 220 ⁴-·=-··-·-·

441 318 762 360 Characterem
815 316 1130 356 ATHERlcxs
1166 330 1190 357 a
1218 316 1283 357 CI.
1315 318 1502 370 Meigen
1535 322 1816 370 propositum
1843 320 2000 369 adium
2045 355 2054 368 ,

272 389 375 429 gere
430 376 589 415 lubet:

452 483 772 526 Antennae
822 477 1088 535 por-rectae,
1153 490 1305 535 supra
1342 492 1394 523 os
1425 476 1646 534 insertae,
1695 478 2009 525 triartieula-

272 560 369 597 tae:
433 547 665 592 articulis
724 544 922 590 duobus
991 545 1324 590 inferioribus
1396 546 1759 604 sphaeroideis3
1849 547 2034 590 tertio-

274 631 580 676 compresso
616 614 849 675 margine
891 608 1149 677 superiori
1184 623 1293 658 seta
1347 614 1613 660 instructo.
1690 614 1828 660 Alae
1877 613 2010 658 diva·

270 683 485 732 rieatae‘’0

441 801 616 855 Species
659 802 793 851 hujus
840 803 1016 854 generis
1064 801 1205 849 binas,
1246 802 1517 842 Germaniae
1551 802 1734 848 incolas,
1773 801 2007 853 descripsit

274 862 340 904 C1.
376 862 561 912 Meigen
592 861 712 912 Dipt.
753 872 784 897 1.
830 871 924 910 294.
977 861 1031 898 In
1066 858 1135 898 his
1168 859 1358 898 directio
1385 872 1628 897 nervorum
1660 862 1706 897 in
1737 858 1818 896 alis
1852 860 2008 897 eadem

276 927 341 958 est
392 926 436 956 et
483 916 642 956 similis
700 924 829 965 atque
879 917 927 954 in
964 916 1180 966 Leptibus
1213 916 1431 955 secundae
1478 916 1703 954 sectionis.
1769 916 1924 966 Neque
1958 916 2008 954 in

275 984 500 1016 structura
531 974 670 1011 totius
712 973 907 1023 corporis
941 985 965 1011 a
990 972 1217 1023 speciebus
1266 974 1419 1023 Leptis
1451 973 1658 1024 genuinis
1708 971 1906 1010 multum
1934 971 2006 1010 ab·

271 1033 429 1074 ludere
460 1031 673 1070 videntur
704 1028 787 1067 hae
819 1028 1067 1068 Atherices.
1137 1029 1443 1081 Quamobrem
1488 1043 1558 1068 eas
1594 1031 1640 1067 in
1672 1029 1808 1066 unico
1835 1040 2003 1080 genere

271 1101 376 1132 cum
404 1088 566 1126 nostris
615 1085 828 1135 Leptibus
867 1086 1140 1136 conjungere
1191 1087 1326 1125 sat-ius
1378 1087 1567 1124 forsitan
1598 1084 1843 1135 putabitur.
1910 1086 2005 1124 Nec

330 1145 473 1184 obstat
505 1150 731 1181 structura
761 1142 944 1181 articuli
993 1150 1298 1181 antennarum
1341 1142 1497 1180 ultimi
1541 1141 1694 1193 paullo
1725 1141 1940 1190 obtusior,

450 1212 597 1253 neque
627 1200 816 1238 insertio
857 1207 975 1256 setae
1010 1198 1166 1251 paullo
1210 1199 1384 1239 diversa
1415 1206 1459 1238 et
1491 1198 1587 1237 fere
1620 1197 1820 1237 dorsalis.
