1982 2778
1533 55 1605 115 27

154 194 232 225 rex
264 191 307 222 et
341 178 580 222 scutellum
610 179 775 222 flavum
808 182 1113 234 luteo-pilosa:
1161 183 1352 227 hirsuti&
1391 185 1507 225 haud
1539 188 1685 230 densa.
1722 190 1863 231 Abdo-

152 253 254 278 men
291 242 436 278 minus
470 239 725 288 pubescens,
761 241 959 289 piceum:
1010 241 1130 278 linea
1157 243 1291 291 apicis
1330 251 1676 292 segmentorum,
1715 260 1862 286 macu*

149 295 206 333 Iis
239 296 424 343 trigonis
458 295 503 331 in
538 303 764 343 segmento
797 295 1004 340 seeundo,
1036 297 1257 346 fasciaque
1299 298 1553 349 interrupta
1584 300 1632 337 in
1662 314 1860 351 segmen*

147 359 192 388 te
225 352 375 395 tertio,
408 350 638 387 interdum
671 352 742 387 vix
777 351 888 394 ulla,
922 349 1068 388 luteis.
1108 352 1279 390 Venter
1311 350 1458 390 fuscus
1488 367 1517 392 s.
1559 354 1732 394 luteus:
1780 371 1881 396 ano.

145 406 420 454 maculisque
451 405 606 442 mediis
644 406 796 455 nigris.
860 405 1046 443 Femora
1078 408 1217 455 nigra,
1275 408 1439 457 pilosa3
1487 413 1654 459 postica
1687 412 1862 462 elonga„

145 468 207 507 ta,
241 462 490 498 incrassata.
532 460 688 498 Tibiae
719 460 809 498 basi
846 460 985 507 albae,
1023 462 1524 510 cinereo-tomentosae3
1572 468 1766 515 posticae
1798 471 1864 507 in-

145 525 374 563 crassatae,
407 516 780 564 subcompressae‚
812 517 858 553 in
890 525 1079 565 utroque
1110 520 1310 570 margine
1341 521 1685 571 nigro-ciliatae.
1756 525 1867 564 Alae

144 571 371 622 hyalinae,
405 572 454 609 in
474 572 619 610 medio
652 584 807 622 parum
833 572 1094 618 infuscatae,

155 691 228 736 18.
301 687 348 731 S.
410 683 916 730 cimbiciforrnis
994 685 1377 746 nigro-piceus,
1454 689 1653 734 thorace
1707 690 1863 737 fulvo-

297 752 518 804 hirsut03
591 752 852 797 abdomine
910 752 1217 811 pedibusque
1270 755 1620 812 immaculatis,
1667 757 1866 804 femori·

296 818 388 863 bus
424 818 624 878 posticis
662 819 1007 874 crassissimi33
1076 822 1264 865 alarum
1301 821 1454 884 striga
1492 823 1654 868 media
1705 826 1860 888 nigra.

315 931 447 970 Mas.
509 930 562 967 In
600 928 731 968 horto
781 930 977 980 Esperod
1010 932 1193 970 Scaniae
1233 944 1384 970 mense
1434 933 1683 982 Septembri
1726 937 1864 978 semel

148 984 303 1026 lectus.
360 1008 415 1015 -
472 985 725 1035 Lougitudo
757 987 1076 1035 praecedentis.
1143 987 1338 1037 Clypeus
1389 988 1675 1038 descendens,
1708 991 1863 1032 lateri-

147 1042 227 1080 bus
257 1040 629 1091 griseo-albicans,
663 1041 784 1078 villis
821 1041 990 1090 aliquot
1037 1044 1149 1094 (non
1182 1042 1381 1091 crebris)
1433 1045 1652 1093 vestitus5
1702 1048 1749 1085 in
1771 1062 1863 1087 me-

147 1093 218 1136 dio
251 1097 392 1146 niger,
433 1096 619 1142 nitidus,
667 1094 1073 1137 unituberculatus.
1140 1098 1377 1135 Antennae
1422 1099 1597 1148 nigrae:
1652 1110 1743 1140 seta
1774 1105 1863 1142 fer-

145 1154 347 1203 ruginea,
379 1152 507 1188 nuda.
573 1152 705 1190 Oculi
737 1153 862 1198 nudi,
897 1153 943 1189 in
976 1165 1095 1190 mare
1128 1154 1333 1191 connexi.
1394 1153 1574 1193 Thorax
1625 1164 1668 1194 et
1698 1160 1861 1197 scutel-

143 1208 242 1247 lum
272 1209 404 1246 dense
437 1207 560 1246 fulvo
583 1206 797 1245 -hirsuta.
860 1207 1088 1246 Abdomen
1121 1209 1299 1258 piceum
1344 1207 1543 1249 breviter
1573 1212 1864 1263 nigro-pube—

147 1276 295 1304 scens:
345 1269 501 1301 ventre
549 1262 732 1314 pallido,
766 1262 933 1313 postice
964 1262 1108 1314 nigro.
1172 1265 1308 1303 Pedes
1333 1262 1484 1311 validi,
1533 1268 1676 1318 nigri:
1723 1270 1863 1309 femo—

146 1320 270 1359 ribus
322 1320 528 1369 inprimis
579 1319 762 1358 villosis.
827 1319 1013 1358 Femora
1054 1320 1221 1370 postica
1254 1321 1542 1359 crassissima:
1589 1323 1714 1362 tibiis
1746 1338 1862 1365 com-

145 1376 321 1428 pressis,
354 1376 568 1422 incurvis,
605 1375 762 1414 setulis
796 1375 824 1412 1.
861 1375 965 1425 pilis
996 1374 1268 1414 'brevissimis
1312 1378 1424 1429 (non
1469 1377 1618 1427 ciliis)
1673 1382 1856 1422 vestitis,

145 1432 332 1471 Alai-um
381 1432 517 1483 striga
561 1432 708 1470 media
757 1432 885 1482 nigra
937 1438 1003 1470 sat
1062 1430 1310 1480 distinctas
1373 1443 1534 1472 nervos
1589 1441 1863 1477 transversos

141 1490 347 1539 cingens.

313 1560 454 1604 Fem.

324 1661 399 1701 Ob
419 1677 448 1701 s.
512 1664 546 1702 A
580 1662 621 1704 S.
652 1662 801 1704 tenaci
854 1666 1036 1706 omnino
1087 1668 1312 1716 dive1·sus;
1363 1678 1519 1720 'corpus
1569 1672 1690 1711 enim
1727 1683 1861 1724 angue-

151 1720 278 1767 stius,
311 1717 431 1757 oculi
460 1720 669 1770 minores,
703 1720 864 1759 thorax
895 1721 1128 1774 hirsutior,
1157 1726 1288 1776 pedes
1319 1728 1551 1765 crassiores
1584 1734 1664 1765 etc.

151 1865 231 1916 μς.
307 1850 357 1899 S.
420 1852 922 1914 megilliformis
989 1858 1322 1920 aeneo-niger,
1388 1874 1537 1921 supra
1596 1869 1724 1908 totus
1771 1861 1866 1908 ful-

299 1920 659 1976 vo-hirsutus3
718 1923 927 1983 pedibus
987 1925 1170 1987 nigris,
1243 1928 1435 1973 alarum
1494 1926 1645 1991 striga
1702 1930 1866 1982 media

295 2001 452 2049 nigra.

321 2095 439 2137 Mas
493 2105 535 2137 et
577 2094 720 2137 Fem.
774 2099 841 2138 Ad
871 2094 1108 2150 Upsaliam
1148 2111 1173 2139 a
1215 2097 1269 2141 D.
1304 2101 1533 2154 Haeffner,
1576 2106 1625 2144 in
1655 2106 1865 2160 Ostrogo-

150 2150 247 2193 thia
276 2164 298 2191 a
328 2155 381 2193 D.
427 2154 701 2194 Zetterstedt
731 2166 831 2193 raro
862 2155 1017 2200 lectus,
1068 2168 1219 2195 mense
1265 2157 1410 2198 Junio.
1442 2182 1497 2191 —
1560 2163 1793 2203 Antennae
1824 2170 1870 2204 et

150 2216 282 2260 caput
311 2217 361 2249 ut
394 2212 441 2249 in
470 2210 777 2260 praecedente.
850 2207 983 2250 Oculi
1013 2212 1136 2250 nudi.
1202 2213 1369 2264 Corpus
1401 2217 1711 2267 magnitudine
1736 2221 1777 2260 S.
1803 2221 1871 2259 in-

147 2265 339 2313 tricarii,
371 2274 522 2306 totum
549 2279 686 2305 aeneo
706 2290 719 2295 -
738 2267 962 2317 nigricans
992 2275 1035 2305 et
1067 2279 1197 2317 supra
1223 2268 1355 2308 dense
1376 2271 1764 2323 fulvo-hirsutum,
1786 2276 1870 2314 im-

141 2320 439 2373 maculatum,
494 2322 646 2361 subtus
678 2323 874 2373 nigrum,
941 2320 1079 2362 Pedes
1108 2320 1261 2372 validi,
1300 2327 1433 2377 nigri,
1470 2328 1635 2377 'pilosiz
1686 2330 1870 2370 femori-

147 2377 228 2419 bus
255 2379 436 2431 posticis
464 2379 678 2432 incurvis,
731 2379 1028 2434 crassissimis,
1067 2377 1256 2427 hirsutis
1271 2393 1294 2423 z.
1331 2381 1526 2444 hirsutie
1559 2386 1692 2442 apicis
1720 2388 1863 2439 nigra.

1611 2459 1616 2460 ⁷
1789 2442 1868 2483 Ti-
