2031 2880
380 155 448 190 10

114 285 289 324 Statura
318 275 366 318 &
399 289 564 318 summa
600 275 874 330 praecedentis
907 274 1104 325 affinitas,
1150 288 1226 316 nec
1267 275 1411 317 differt
1440 278 1522 318 nisi
1555 279 1722 334 pictura
1759 282 1839 321 ab-

113 337 321 384 dominis3
359 334 517 372 etenim
561 338 749 384 quatuor
789 336 888 369 sunt
933 330 1070 369 fasciae
1114 329 1573 382 ssavae‘distinctioreg
1621 333 1663 372 in
1697 336 1836 376 medio

110 395 390 444 interruptae3
420 387 576 426 thorax
606 398 778 438 quoque
810 385 927 437 niger
966 384 1078 423 linea
1108 384 1276 424 laterali
1308 383 1418 425 flava
1461 393 1669 427 notatur.‘
1719 389 1837 428 Anus

116 449 158 486 in
198 452 384 497 utroque
424 455 526 481 sexu
565 441 697 492 niger.
756 440 906 478 Cetera
947 446 996 478 ut
1037 441 1079 478 in
1124 439 1399 494 praecedente.

253 522 350 564 Notc
410 519 613 559 Plurimae
661 523 814 556 nostrai
854 516 1023 569 Species
1073 518 1405 569 Agromyzidum
1453 521 1496 558 in
1541 521 1693 560 Scania
1742 527 1840 560 sunt

118 581 306 625 detectae,
342 589 418 614 nec
454 574 533 612 nisi
564 573 785 627 pauciores
817 572 872 611 ab
901 569 994 610 aliis
1027 571 1186 611 Sueciae
1214 572 1448 614 Provinciis
1477 575 1697 614 nobiscum
1720 587 1838 615 com·-

119 634 393 673 municarunt
424 629 633 682 Fautores
665 622 712 664 ὅτ
746 634 908 666 naturae
935 627 1217 665 scrutatores.
1281 627 1372 666 Non
1410 630 1543 681 igitur
1577 629 1838 681 dubitamus,

122 691 227 741 quin
258 686 449 737 indagari
483 684 615 736 possit
656 681 794 733 major
836 682 964 732 hujus
1001 679 1189 720 Familiae
1233 681 1478 735 Specierum
1513 684 1647 737 copia,
1692 698 1841 725 eorum

124 741 284 780 scilicet
314 739 487 787 auxilio,
527 749 712 789 quorum
745 737 918 775 interest
950 736 1152 774 Naturam
1196 749 1312 789 aeque
1343 739 1386 775 in
1421 740 1604 777 minimis
1634 745 1765 792 atque
1795 741 1838 778 in
1867 732 1870 734 v

124 796 317 834 maximis
351 799 612 845 cognoscere.
674 789 946 829 Animalcula
990 797 1133 828 autem
1178 791 1287 837 haec,
1337 794 1501 832 minuta
1544 790 1590 832 ὅτ
1634 795 1778 833 monia
1818 809 1839 833 e

123 852 312 902 gramine
347 861 548 899 agrorum
580 841 625 884 &
659 852 881 898 pratorum
924 844 1120 896 excipulo
1163 845 1450 897 hauriuntur,
1495 863 1624 888 manu
1671 849 1753 888 levi
1793 845 1842 887 &

124 911 262 947 cauta,
310 916 361 941 ne
403 900 640 948 laedantur,
679 900 774 937 acui
815 899 1100 938 subtilissimae
1138 901 1370 951 adfigenda.
1433 904 1657 942 Individua
1701 918 1842 958 nuper

127 965 273 1011 capta,
317 959 458 996 rarius
501 956 729 1002 exsiccata,
779 955 1091 1006 descripsimus.
1154 955 1323 993 Etenim
1373 964 1468 1011 post
1509 965 1691 999 mortem
1735 960 1841 1012 saepe

128 1019 426 1066 corrugantur‚
475 1011 711 1066 saepiusque
751 1009 937 1048 colorem
978 1010 1228 1050 vividiorem
1277 1005 1323 1048 &
1364 1014 1577 1066 picturam
1623 1015 1840 1054 amittunt.
