<?xml version="1.0" encoding="UTF-8"?>
<!DOCTYPE html PUBLIC "-//W3C//DTD XHTML 1.0 Transitional//EN"
    "http://www.w3.org/TR/xhtml1/DTD/xhtml1-transitional.dtd">
<html xmlns="http://www.w3.org/1999/xhtml" xml:lang="en" lang="en">
 <head>
  <title>
</title>
<meta http-equiv="Content-Type" content="text/html;charset=utf-8" />
  <meta name='ocr-system' content='tesseract 3.04.00' />
  <meta name='ocr-capabilities' content='ocr_page ocr_carea ocr_par ocr_line ocrx_word'/>
</head>
<body>
  <div class='ocr_page' id='page_1' title='image "./dipterasveciae1218141826falle_0297.png"; bbox 0 0 1967 2873; ppageno 0'>
   <div class='ocr_carea' id='block_1_1' title="bbox 1514 166 1586 226">
    <p class='ocr_par' dir='ltr' id='par_1_1' title="bbox 1514 166 1586 226">
     <span class='ocr_line' id='line_1_1' title="bbox 1514 166 1586 226; baseline -0.028 0"><span class='ocrx_word' id='word_1_1' title='bbox 1514 166 1586 226; x_wconf 82' lang='lat'><strong>73</strong></span> 
     </span>
    </p>
   </div>
   <div class='ocr_carea' id='block_1_2' title="bbox 171 302 1269 365">
    <p class='ocr_par' dir='ltr' id='par_1_2' title="bbox 171 302 1269 365">
     <span class='ocr_line' id='line_1_2' title="bbox 171 302 1269 365; baseline -0.004 -13"><span class='ocrx_word' id='word_1_2' title='bbox 171 344 191 348; x_wconf 73' lang='lat'><strong>-</strong></span> <span class='ocrx_word' id='word_1_3' title='bbox 719 303 779 363; x_wconf 70' lang='grc' dir='ltr'><strong>Ὺ)</strong></span> <span class='ocrx_word' id='word_1_4' title='bbox 850 302 1015 365; x_wconf 78' lang='lat' dir='ltr'><em>Species</em></span> <span class='ocrx_word' id='word_1_5' title='bbox 1079 303 1269 350; x_wconf 73' lang='lat' dir='ltr'><strong>minuta·-</strong></span> 
     </span>
    </p>
   </div>
   <div class='ocr_carea' id='block_1_3' title="bbox 133 385 1857 655">
    <p class='ocr_par' dir='ltr' id='par_1_3' title="bbox 133 385 1857 655">
     <span class='ocr_line' id='line_1_3' title="bbox 133 385 1853 456; baseline -0.009 -10"><span class='ocrx_word' id='word_1_6' title='bbox 133 402 212 450; x_wconf 77' lang='lat'><strong>80.</strong></span> <span class='ocrx_word' id='word_1_7' title='bbox 288 392 359 441; x_wconf 84' lang='lat' dir='ltr'><strong>M.</strong></span> <span class='ocrx_word' id='word_1_8' title='bbox 399 392 618 456; x_wconf 73' lang='lat' dir='ltr'><strong>triquetra</strong></span> <span class='ocrx_word' id='word_1_9' title='bbox 670 405 876 450; x_wconf 73' lang='lat' dir='ltr'><strong>corpore</strong></span> <span class='ocrx_word' id='word_1_10' title='bbox 931 393 1082 437; x_wconf 84' lang='lat' dir='ltr'><strong>maris</strong></span> <span class='ocrx_word' id='word_1_11' title='bbox 1139 406 1291 452; x_wconf 85' lang='lat' dir='ltr'><strong>opaco</strong></span> <span class='ocrx_word' id='word_1_12' title='bbox 1327 390 1519 449; x_wconf 73' lang='lat' dir='ltr'><strong>alisque</strong></span> <span class='ocrx_word' id='word_1_13' title='bbox 1563 385 1853 450; x_wconf 82' lang='lat' dir='ltr'><strong>nigricanti.</strong></span> 
     </span>
     <span class='ocr_line' id='line_1_4' title="bbox 281 454 1854 520; baseline -0.004 -14"><span class='ocrx_word' id='word_1_14' title='bbox 281 461 400 516; x_wconf 86' lang='lat' dir='ltr'><strong>bus,</strong></span> <span class='ocrx_word' id='word_1_15' title='bbox 441 457 650 504; x_wconf 78' lang='lat' dir='ltr'>thoracis</span> <span class='ocrx_word' id='word_1_16' title='bbox 708 458 899 517; x_wconf 79' lang='lat' dir='ltr'><strong>postico</strong></span> <span class='ocrx_word' id='word_1_17' title='bbox 930 458 1306 517; x_wconf 78' lang='lat' dir='ltr'><strong>abdomineque</strong></span> <span class='ocrx_word' id='word_1_18' title='bbox 1343 454 1854 520; x_wconf 70' lang='lat' dir='ltr'><strong>griseo-micantibus3</strong></span> 
     </span>
     <span class='ocr_line' id='line_1_5' title="bbox 285 525 1857 588; baseline -0.003 -15"><span class='ocrx_word' id='word_1_19' title='bbox 285 541 488 587; x_wconf 83' lang='lat' dir='ltr'><strong>corpore</strong></span> <span class='ocrx_word' id='word_1_20' title='bbox 523 526 729 570; x_wconf 73' lang='lat' dir='ltr'><strong>feminae</strong></span> <span class='ocrx_word' id='word_1_21' title='bbox 762 525 945 588; x_wconf 79' lang='lat' dir='ltr'><strong>griseo,</strong></span> <span class='ocrx_word' id='word_1_22' title='bbox 985 536 1363 587; x_wconf 81' lang='lat' dir='ltr'><strong>segmentorum</strong></span> <span class='ocrx_word' id='word_1_23' title='bbox 1400 526 1451 570; x_wconf 86' lang='lat' dir='ltr'><strong>in</strong></span> <span class='ocrx_word' id='word_1_24' title='bbox 1489 534 1705 584; x_wconf 82' lang='lat' dir='ltr'><strong>utroque</strong></span> <span class='ocrx_word' id='word_1_25' title='bbox 1732 537 1857 569; x_wconf 85' lang='lat' dir='ltr'><strong>sexu</strong></span> 
     </span>
     <span class='ocr_line' id='line_1_6' title="bbox 279 591 1619 655; baseline 0.001 -17"><span class='ocrx_word' id='word_1_26' title='bbox 279 594 478 654; x_wconf 77' lang='lat' dir='ltr'><strong>puno‘tis</strong></span> <span class='ocrx_word' id='word_1_27' title='bbox 514 593 674 638; x_wconf 78' lang='lat' dir='ltr'><strong>tribus</strong></span> <span class='ocrx_word' id='word_1_28' title='bbox 705 591 759 637; x_wconf 87' lang='lat' dir='ltr'><strong>in</strong></span> <span class='ocrx_word' id='word_1_29' title='bbox 799 593 1113 653; x_wconf 77' lang='lat' dir='ltr'><strong>triangulum</strong></span> <span class='ocrx_word' id='word_1_30' title='bbox 1151 592 1414 653; x_wconf 79' lang='lat' dir='ltr'><strong>dispositis,</strong></span> <span class='ocrx_word' id='word_1_31' title='bbox 1449 592 1619 655; x_wconf 75' lang='lat' dir='ltr'><strong>nigris,</strong></span> 
     </span>
    </p>
   </div>
   <div class='ocr_carea' id='block_1_4' title="bbox 131 678 1863 1497">
    <p class='ocr_par' dir='ltr' id='par_1_4' title="bbox 131 678 1854 779">
     <span class='ocr_line' id='line_1_7' title="bbox 131 678 1854 776; baseline -0.005 -53"><span class='ocrx_word' id='word_1_32' title='bbox 131 736 159 776; x_wconf 78' lang='lat'><em>8</em></span> <span class='ocrx_word' id='word_1_33' title='bbox 253 678 513 733; x_wconf 78' lang='lat' dir='ltr'><strong>Anthomyja</strong></span> <span class='ocrx_word' id='word_1_34' title='bbox 545 680 754 735; x_wconf 71' lang='lat' dir='ltr'><strong>triquetra</strong></span> <span class='ocrx_word' id='word_1_35' title='bbox 780 678 1027 720; x_wconf 83' lang='lat' dir='ltr'><strong>Wiedman.</strong></span> <span class='ocrx_word' id='word_1_36' title='bbox 1060 679 1179 720; x_wconf 91' lang='lat' dir='ltr'><strong>Zool.</strong></span> <span class='ocrx_word' id='word_1_37' title='bbox 1214 680 1376 733; x_wconf 81' lang='lat' dir='ltr'><strong>Magaz.</strong></span> <span class='ocrx_word' id='word_1_38' title='bbox 1406 679 1455 720; x_wconf 79' lang='lat' dir='ltr'><strong>B.</strong></span> <span class='ocrx_word' id='word_1_39' title='bbox 1484 679 1516 718; x_wconf 87' lang='lat'><strong>1.</strong></span> <span class='ocrx_word' id='word_1_40' title='bbox 1578 678 1640 718; x_wconf 86' lang='lat' dir='ltr'><strong>St.</strong></span> <span class='ocrx_word' id='word_1_41' title='bbox 1667 678 1697 717; x_wconf 87' lang='grc' dir='ltr'><strong>Ι.</strong></span> <span class='ocrx_word' id='word_1_42' title='bbox 1758 687 1854 732; x_wconf 81' lang='lat' dir='ltr'><strong>pag·</strong></span> 
     </span>
     <span class='ocr_line' id='line_1_8' title="bbox 162 739 345 779; baseline -0.022 -1"><span class='ocrx_word' id='word_1_43' title='bbox 162 739 199 779; x_wconf 80' lang='lat'><strong>3.</strong></span> <span class='ocrx_word' id='word_1_44' title='bbox 244 749 345 776; x_wconf 82' lang='lat' dir='ltr'><strong>mas.</strong></span> 
     </span>
    </p>

    <p class='ocr_par' dir='ltr' id='par_1_5' title="bbox 131 784 1861 1332">
     <span class='ocr_line' id='line_1_9' title="bbox 254 784 1856 845; baseline -0.006 -13"><span class='ocrx_word' id='word_1_45' title='bbox 254 790 382 832; x_wconf 82' lang='lat' dir='ltr'><strong>Mas</strong></span> <span class='ocrx_word' id='word_1_46' title='bbox 437 784 651 830; x_wconf 81' lang='lat' dir='ltr'><strong>&amp;Fem.</strong></span> <span class='ocrx_word' id='word_1_47' title='bbox 710 789 967 845; x_wconf 81' lang='lat' dir='ltr'><strong>Hospitatur</strong></span> <span class='ocrx_word' id='word_1_48' title='bbox 996 790 1039 829; x_wconf 91' lang='lat' dir='ltr'><strong>in</strong></span> <span class='ocrx_word' id='word_1_49' title='bbox 1087 789 1267 831; x_wconf 85' lang='lat' dir='ltr'><strong>floribus</strong></span> <span class='ocrx_word' id='word_1_50' title='bbox 1318 786 1366 828; x_wconf 74' lang='grc' dir='ltr'><strong>δε</strong></span> <span class='ocrx_word' id='word_1_51' title='bbox 1403 791 1446 829; x_wconf 84' lang='lat' dir='ltr'><strong>in</strong></span> <span class='ocrx_word' id='word_1_52' title='bbox 1501 788 1614 828; x_wconf 78' lang='lat' dir='ltr'><strong>foliis</strong></span> <span class='ocrx_word' id='word_1_53' title='bbox 1651 786 1856 826; x_wconf 81' lang='lat' dir='ltr'>fruticum</span> 
     </span>
     <span class='ocr_line' id='line_1_10' title="bbox 133 840 1856 897; baseline -0.005 -11"><span class='ocrx_word' id='word_1_54' title='bbox 133 847 293 886; x_wconf 84' lang='lat' dir='ltr'><strong>Scaniae</strong></span> <span class='ocrx_word' id='word_1_55' title='bbox 322 845 551 897; x_wconf 69' lang='lat' dir='ltr'><strong>frequens-3</strong></span> <span class='ocrx_word' id='word_1_56' title='bbox 598 843 755 884; x_wconf 82' lang='lat' dir='ltr'><strong>femina</strong></span> <span class='ocrx_word' id='word_1_57' title='bbox 800 853 941 884; x_wconf 81' lang='lat' dir='ltr'><strong>autem</strong></span> <span class='ocrx_word' id='word_1_58' title='bbox 972 845 1181 885; x_wconf 78' lang='lat' dir='ltr'><strong>hactenus</strong></span> <span class='ocrx_word' id='word_1_59' title='bbox 1216 847 1355 884; x_wconf 77' lang='lat' dir='ltr'><strong>rarior</strong></span> <span class='ocrx_word' id='word_1_60' title='bbox 1386 843 1624 883; x_wconf 73' lang='lat' dir='ltr'><strong>observata.</strong></span> <span class='ocrx_word' id='word_1_61' title='bbox 1661 865 1706 874; x_wconf 87' lang='lat'><strong>--</strong></span> <span class='ocrx_word' id='word_1_62' title='bbox 1765 840 1856 878; x_wconf 83' lang='lat' dir='ltr'><strong>Mas</strong></span> 
     </span>
     <span class='ocr_line' id='line_1_11' title="bbox 131 898 1856 955; baseline -0.005 -15"><span class='ocrx_word' id='word_1_63' title='bbox 131 900 376 953; x_wconf 84' lang='lat' dir='ltr'><strong>Longitudo</strong></span> <span class='ocrx_word' id='word_1_64' title='bbox 425 904 512 955; x_wconf 58' lang='lat'><strong>¹3⁶⁹</strong></span> <span class='ocrx_word' id='word_1_65' title='bbox 571 901 633 952; x_wconf 60' lang='lat'><strong>¹3</strong></span> <span class='ocrx_word' id='word_1_66' title='bbox 678 899 749 937; x_wconf 92' lang='lat' dir='ltr'><strong>lin.</strong></span> <span class='ocrx_word' id='word_1_67' title='bbox 816 900 954 939; x_wconf 83' lang='lat' dir='ltr'><strong>Frons</strong></span> <span class='ocrx_word' id='word_1_68' title='bbox 983 900 1101 939; x_wconf 88' lang='lat' dir='ltr'><strong>haud</strong></span> <span class='ocrx_word' id='word_1_69' title='bbox 1133 906 1345 952; x_wconf 81' lang='lat' dir='ltr'><strong>porrecta,</strong></span> <span class='ocrx_word' id='word_1_70' title='bbox 1396 898 1506 937; x_wconf 83' lang='lat' dir='ltr'><strong>infra</strong></span> <span class='ocrx_word' id='word_1_71' title='bbox 1539 903 1744 936; x_wconf 81' lang='lat' dir='ltr'>antennas</span> <span class='ocrx_word' id='word_1_72' title='bbox 1773 906 1856 947; x_wconf 82' lang='lat' dir='ltr'><strong>pa·-</strong></span> 
     </span>
     <span class='ocr_line' id='line_1_12' title="bbox 132 950 1854 1003; baseline -0.005 -9"><span class='ocrx_word' id='word_1_73' title='bbox 132 968 230 994; x_wconf 78' lang='lat' dir='ltr'><strong>rum</strong></span> <span class='ocrx_word' id='word_1_74' title='bbox 260 956 430 994; x_wconf 82' lang='lat' dir='ltr'><strong>micans.</strong></span> <span class='ocrx_word' id='word_1_75' title='bbox 495 953 626 993; x_wconf 83' lang='lat' dir='ltr'><strong>Oculi</strong></span> <span class='ocrx_word' id='word_1_76' title='bbox 653 955 781 992; x_wconf 82' lang='lat' dir='ltr'><strong>maris</strong></span> <span class='ocrx_word' id='word_1_77' title='bbox 807 961 927 995; x_wconf 85' lang='lat' dir='ltr'><strong>arcte</strong></span> <span class='ocrx_word' id='word_1_78' title='bbox 964 953 1234 1003; x_wconf 66' lang='lat' dir='ltr'><strong>cohaerentes,</strong></span> <span class='ocrx_word' id='word_1_79' title='bbox 1264 954 1449 992; x_wconf 85' lang='lat' dir='ltr'><strong>maximi.</strong></span> <span class='ocrx_word' id='word_1_80' title='bbox 1477 954 1681 991; x_wconf 83' lang='lat' dir='ltr'><strong>Antennae</strong></span> <span class='ocrx_word' id='word_1_81' title='bbox 1709 950 1854 1000; x_wconf 70' lang='lat' dir='ltr'><strong>nigrae,</strong></span> 
     </span>
     <span class='ocr_line' id='line_1_13' title="bbox 134 1003 1853 1062; baseline -0.005 -14"><span class='ocrx_word' id='word_1_82' title='bbox 134 1011 392 1062; x_wconf 80' lang='lat' dir='ltr'><strong>mediocres:</strong></span> <span class='ocrx_word' id='word_1_83' title='bbox 442 1014 530 1049; x_wconf 84' lang='lat' dir='ltr'><strong>seta</strong></span> <span class='ocrx_word' id='word_1_84' title='bbox 555 1011 684 1049; x_wconf 88' lang='lat' dir='ltr'><strong>nuda.</strong></span> <span class='ocrx_word' id='word_1_85' title='bbox 714 1007 886 1049; x_wconf 83' lang='lat' dir='ltr'>Thorax</span> <span class='ocrx_word' id='word_1_86' title='bbox 915 1010 1034 1060; x_wconf 84' lang='lat' dir='ltr'><strong>niger</strong></span> <span class='ocrx_word' id='word_1_87' title='bbox 1070 1022 1242 1062; x_wconf 75' lang='lat' dir='ltr'><strong>opacus,</strong></span> <span class='ocrx_word' id='word_1_88' title='bbox 1271 1008 1432 1061; x_wconf 89' lang='lat' dir='ltr'><strong>postice</strong></span> <span class='ocrx_word' id='word_1_89' title='bbox 1460 1019 1588 1059; x_wconf 88' lang='lat' dir='ltr'><strong>supra</strong></span> <span class='ocrx_word' id='word_1_90' title='bbox 1609 1003 1853 1049; x_wconf 83' lang='lat' dir='ltr'><strong>scutellum,</strong></span> 
     </span>
     <span class='ocr_line' id='line_1_14' title="bbox 135 1056 1859 1115; baseline -0.005 -13"><span class='ocrx_word' id='word_1_91' title='bbox 135 1065 470 1115; x_wconf 80' lang='lat' dir='ltr'><strong>griseo-micans.</strong></span> <span class='ocrx_word' id='word_1_92' title='bbox 531 1065 688 1102; x_wconf 76' lang='lat' dir='ltr'><strong>Latera</strong></span> <span class='ocrx_word' id='word_1_93' title='bbox 717 1076 891 1115; x_wconf 88' lang='lat' dir='ltr'><strong>quoque</strong></span> <span class='ocrx_word' id='word_1_94' title='bbox 924 1063 1172 1101; x_wconf 72' lang='lat' dir='ltr'>maculatim</span> <span class='ocrx_word' id='word_1_95' title='bbox 1206 1064 1378 1101; x_wconf 84' lang='lat' dir='ltr'><strong>micant.</strong></span> <span class='ocrx_word' id='word_1_96' title='bbox 1430 1060 1652 1101; x_wconf 82' lang='lat' dir='ltr'><strong>Abdomen</strong></span> <span class='ocrx_word' id='word_1_97' title='bbox 1699 1056 1859 1108; x_wconf 82' lang='lat' dir='ltr'><strong>subcy-</strong></span> 
     </span>
     <span class='ocr_line' id='line_1_15' title="bbox 139 1113 1861 1168; baseline -0.004 -12"><span class='ocrx_word' id='word_1_98' title='bbox 139 1117 378 1167; x_wconf 80' lang='lat' dir='ltr'><strong>liudricum‚</strong></span> <span class='ocrx_word' id='word_1_99' title='bbox 401 1117 763 1168; x_wconf 82' lang='lat' dir='ltr'><strong>subpellucidum,</strong></span> <span class='ocrx_word' id='word_1_100' title='bbox 795 1118 1139 1168; x_wconf 84' lang='lat' dir='ltr'><strong>griseo-micans:</strong></span> <span class='ocrx_word' id='word_1_101' title='bbox 1170 1117 1339 1168; x_wconf 81' lang='lat' dir='ltr'><strong>punctis</strong></span> <span class='ocrx_word' id='word_1_102' title='bbox 1369 1118 1411 1153; x_wconf 85' lang='lat' dir='ltr'><strong>in</strong></span> <span class='ocrx_word' id='word_1_103' title='bbox 1444 1113 1612 1165; x_wconf 84' lang='lat' dir='ltr'><strong>singulo</strong></span> <span class='ocrx_word' id='word_1_104' title='bbox 1645 1115 1861 1163; x_wconf 84' lang='lat' dir='ltr'><strong>segmento</strong></span> 
     </span>
     <span class='ocr_line' id='line_1_16' title="bbox 135 1165 1861 1226; baseline -0.006 -16"><span class='ocrx_word' id='word_1_105' title='bbox 135 1170 391 1226; x_wconf 83' lang='lat' dir='ltr'><strong>plerumque</strong></span> <span class='ocrx_word' id='word_1_106' title='bbox 432 1172 574 1210; x_wconf 87' lang='lat' dir='ltr'><strong>tribus</strong></span> <span class='ocrx_word' id='word_1_107' title='bbox 621 1173 750 1222; x_wconf 80' lang='lat' dir='ltr'><strong>nigris</strong></span> <span class='ocrx_word' id='word_1_108' title='bbox 794 1170 859 1209; x_wconf 83' lang='lat' dir='ltr'><strong>vel</strong></span> <span class='ocrx_word' id='word_1_109' title='bbox 885 1171 1079 1210; x_wconf 88' lang='lat' dir='ltr'><strong>discretis</strong></span> <span class='ocrx_word' id='word_1_110' title='bbox 1125 1171 1192 1210; x_wconf 86' lang='lat' dir='ltr'><strong>vel</strong></span> <span class='ocrx_word' id='word_1_111' title='bbox 1241 1168 1571 1214; x_wconf 76' lang='lat' dir='ltr'><strong>confluentibus,</strong></span> <span class='ocrx_word' id='word_1_112' title='bbox 1619 1167 1662 1204; x_wconf 88' lang='lat' dir='ltr'><strong>in</strong></span> <span class='ocrx_word' id='word_1_113' title='bbox 1723 1165 1861 1203; x_wconf 84' lang='lat' dir='ltr'><strong>trian-</strong></span> 
     </span>
     <span class='ocr_line' id='line_1_17' title="bbox 137 1218 1860 1278; baseline -0.006 -14"><span class='ocrx_word' id='word_1_114' title='bbox 137 1226 285 1278; x_wconf 86' lang='lat' dir='ltr'><strong>gulum</strong></span> <span class='ocrx_word' id='word_1_115' title='bbox 318 1226 546 1277; x_wconf 84' lang='lat' dir='ltr'><strong>dispositis.</strong></span> <span class='ocrx_word' id='word_1_116' title='bbox 598 1224 685 1263; x_wconf 87' lang='lat' dir='ltr'><strong>Alae</strong></span> <span class='ocrx_word' id='word_1_117' title='bbox 715 1224 933 1275; x_wconf 78' lang='lat' dir='ltr'><strong>nigredine</strong></span> <span class='ocrx_word' id='word_1_118' title='bbox 963 1226 1117 1264; x_wconf 81' lang='lat' dir='ltr'><strong>tinctae.</strong></span> <span class='ocrx_word' id='word_1_119' title='bbox 1175 1225 1364 1277; x_wconf 79' lang='lat' dir='ltr'><strong>Squama</strong></span> <span class='ocrx_word' id='word_1_120' title='bbox 1405 1223 1629 1262; x_wconf 71' lang='lat' dir='ltr'><strong>infuscata,</strong></span> <span class='ocrx_word' id='word_1_121' title='bbox 1663 1218 1860 1258; x_wconf 83' lang='lat' dir='ltr'><strong>Halteres</strong></span> 
     </span>
     <span class='ocr_line' id='line_1_18' title="bbox 139 1278 797 1332; baseline -0.003 -14"><span class='ocrx_word' id='word_1_122' title='bbox 139 1280 366 1319; x_wconf 81' lang='lat' dir='ltr'><strong>lutescunt.</strong></span> <span class='ocrx_word' id='word_1_123' title='bbox 413 1278 545 1319; x_wconf 78' lang='lat' dir='ltr'><strong>Pedes</strong></span> <span class='ocrx_word' id='word_1_124' title='bbox 574 1279 797 1332; x_wconf 80' lang='lat' dir='ltr'><strong>simplices.</strong></span> 
     </span>
    </p>

    <p class='ocr_par' dir='ltr' id='par_1_6' title="bbox 137 1329 1863 1497">
     <span class='ocr_line' id='line_1_19' title="bbox 256 1329 1863 1385; baseline -0.006 -11"><span class='ocrx_word' id='word_1_125' title='bbox 256 1333 381 1375; x_wconf 81' lang='lat' dir='ltr'><em>Fem.</em></span> <span class='ocrx_word' id='word_1_126' title='bbox 415 1337 567 1384; x_wconf 87' lang='lat' dir='ltr'><strong>minor,</strong></span> <span class='ocrx_word' id='word_1_127' title='bbox 624 1335 774 1385; x_wconf 79' lang='lat' dir='ltr'><strong>gxisea.</strong></span> <span class='ocrx_word' id='word_1_128' title='bbox 834 1332 962 1372; x_wconf 87' lang='lat' dir='ltr'><strong>Oculi</strong></span> <span class='ocrx_word' id='word_1_129' title='bbox 996 1333 1164 1373; x_wconf 87' lang='lat' dir='ltr'><strong>macula</strong></span> <span class='ocrx_word' id='word_1_130' title='bbox 1208 1330 1401 1372; x_wconf 81' lang='lat' dir='ltr'><strong>verticali</strong></span> <span class='ocrx_word' id='word_1_131' title='bbox 1428 1333 1552 1384; x_wconf 84' lang='lat' dir='ltr'><strong>nigra</strong></span> <span class='ocrx_word' id='word_1_132' title='bbox 1582 1330 1667 1370; x_wconf 74' lang='lat' dir='ltr'><strong>late</strong></span> <span class='ocrx_word' id='word_1_133' title='bbox 1696 1329 1863 1368; x_wconf 86' lang='lat' dir='ltr'><strong>distan-</strong></span> 
     </span>
     <span class='ocr_line' id='line_1_20' title="bbox 140 1384 1860 1442; baseline -0.004 -15"><span class='ocrx_word' id='word_1_134' title='bbox 140 1389 212 1427; x_wconf 73' lang='lat' dir='ltr'><strong>tes.</strong></span> <span class='ocrx_word' id='word_1_135' title='bbox 264 1388 427 1427; x_wconf 78' lang='lat' dir='ltr'><strong>Puncta</strong></span> <span class='ocrx_word' id='word_1_136' title='bbox 461 1389 698 1428; x_wconf 87' lang='lat' dir='ltr'><strong>abdominis</strong></span> <span class='ocrx_word' id='word_1_137' title='bbox 728 1390 862 1441; x_wconf 85' lang='lat' dir='ltr'><strong>nigra,</strong></span> <span class='ocrx_word' id='word_1_138' title='bbox 895 1388 1093 1428; x_wconf 84' lang='lat' dir='ltr'><strong>similiter</strong></span> <span class='ocrx_word' id='word_1_139' title='bbox 1126 1395 1256 1442; x_wconf 78' lang='lat' dir='ltr'><strong>atque</strong></span> <span class='ocrx_word' id='word_1_140' title='bbox 1286 1390 1330 1427; x_wconf 88' lang='lat' dir='ltr'><strong>in</strong></span> <span class='ocrx_word' id='word_1_141' title='bbox 1359 1400 1476 1426; x_wconf 83' lang='lat' dir='ltr'><strong>mare</strong></span> <span class='ocrx_word' id='word_1_142' title='bbox 1507 1386 1727 1440; x_wconf 83' lang='lat' dir='ltr'><strong>disposita,</strong></span> <span class='ocrx_word' id='word_1_143' title='bbox 1759 1384 1860 1432; x_wconf 88' lang='lat' dir='ltr'><strong>(non</strong></span> 
     </span>
     <span class='ocr_line' id='line_1_21' title="bbox 137 1441 1032 1497; baseline 0 -15"><span class='ocrx_word' id='word_1_144' title='bbox 137 1441 434 1494; x_wconf 79' lang='lat' dir='ltr'><strong>confluentia),</strong></span> <span class='ocrx_word' id='word_1_145' title='bbox 481 1445 662 1497; x_wconf 89' lang='lat' dir='ltr'><strong>speciem</strong></span> <span class='ocrx_word' id='word_1_146' title='bbox 707 1457 803 1483; x_wconf 86' lang='lat' dir='ltr'><strong>mox</strong></span> <span class='ocrx_word' id='word_1_147' title='bbox 831 1443 1032 1482; x_wconf 82' lang='lat' dir='ltr'><strong>indicant.</strong></span> 
     </span>
    </p>
   </div>
   <div class='ocr_carea' id='block_1_5' title="bbox 138 1514 1858 1630">
    <p class='ocr_par' dir='ltr' id='par_1_7' title="bbox 138 1514 1858 1630">
     <span class='ocr_line' id='line_1_22' title="bbox 248 1514 1858 1573; baseline -0.005 -11"><span class='ocrx_word' id='word_1_148' title='bbox 248 1520 347 1562; x_wconf 84' lang='lat' dir='ltr'><strong>Not.</strong></span> <span class='ocrx_word' id='word_1_149' title='bbox 405 1521 582 1560; x_wconf 82' lang='lat' dir='ltr'><strong>Pictura</strong></span> <span class='ocrx_word' id='word_1_150' title='bbox 610 1520 784 1570; x_wconf 88' lang='lat' dir='ltr'><strong>micans,</strong></span> <span class='ocrx_word' id='word_1_151' title='bbox 841 1533 866 1558; x_wconf 81' lang='lat' dir='ltr'><strong>a</strong></span> <span class='ocrx_word' id='word_1_152' title='bbox 894 1520 1062 1573; x_wconf 80' lang='lat' dir='ltr'><strong>postico</strong></span> <span class='ocrx_word' id='word_1_153' title='bbox 1095 1518 1286 1572; x_wconf 83' lang='lat' dir='ltr'><strong>corporis</strong></span> <span class='ocrx_word' id='word_1_154' title='bbox 1317 1517 1537 1557; x_wconf 82' lang='lat' dir='ltr'><strong>observari</strong></span> <span class='ocrx_word' id='word_1_155' title='bbox 1568 1516 1707 1556; x_wconf 88' lang='lat' dir='ltr'><strong>debet.</strong></span> <span class='ocrx_word' id='word_1_156' title='bbox 1772 1514 1858 1554; x_wconf 86' lang='lat' dir='ltr'><strong>No-</strong></span> 
     </span>
     <span class='ocr_line' id='line_1_23' title="bbox 138 1573 1596 1630; baseline -0.004 -14"><span class='ocrx_word' id='word_1_157' title='bbox 138 1588 233 1616; x_wconf 80' lang='lat' dir='ltr'><strong>men</strong></span> <span class='ocrx_word' id='word_1_158' title='bbox 264 1575 508 1630; x_wconf 85' lang='lat' dir='ltr'><strong>specificum</strong></span> <span class='ocrx_word' id='word_1_159' title='bbox 537 1587 586 1614; x_wconf 84' lang='lat' dir='ltr'><strong>ex</strong></span> <span class='ocrx_word' id='word_1_160' title='bbox 616 1573 886 1630; x_wconf 84' lang='lat' dir='ltr'><strong>autographo</strong></span> <span class='ocrx_word' id='word_1_161' title='bbox 925 1573 1013 1613; x_wconf 84' lang='lat' dir='ltr'><strong>Cel.</strong></span> <span class='ocrx_word' id='word_1_162' title='bbox 1044 1573 1313 1614; x_wconf 74' lang='lat' dir='ltr'><strong>WOEDEMANN</strong></span> <span class='ocrx_word' id='word_1_163' title='bbox 1343 1573 1596 1626; x_wconf 84' lang='lat' dir='ltr'><strong>accepimus.</strong></span> 
     </span>
    </p>
   </div>
   <div class='ocr_carea' id='block_1_6' title="bbox 123 1673 1861 1806">
    <p class='ocr_par' dir='ltr' id='par_1_8' title="bbox 123 1673 1861 1806">
     <span class='ocr_line' id='line_1_24' title="bbox 123 1673 1861 1745; baseline -0.003 -21"><span class='ocrx_word' id='word_1_164' title='bbox 123 1688 242 1745; x_wconf 28' lang='grc' dir='ltr'>δι’..</span> <span class='ocrx_word' id='word_1_165' title='bbox 277 1680 343 1724; x_wconf 84' lang='lat' dir='ltr'><em>M</em></span> <span class='ocrx_word' id='word_1_166' title='bbox 380 1681 600 1725; x_wconf 70' lang='lat' dir='ltr'><strong>albicincta</strong></span> <span class='ocrx_word' id='word_1_167' title='bbox 634 1693 840 1737; x_wconf 81' lang='lat' dir='ltr'><strong>corpore</strong></span> <span class='ocrx_word' id='word_1_168' title='bbox 873 1678 1100 1732; x_wconf 78' lang='lat' dir='ltr'><strong>obscuro,</strong></span> <span class='ocrx_word' id='word_1_169' title='bbox 1155 1677 1306 1721; x_wconf 84' lang='lat' dir='ltr'><strong>maris</strong></span> <span class='ocrx_word' id='word_1_170' title='bbox 1344 1675 1701 1738; x_wconf 80' lang='lat' dir='ltr'><strong>opaco-nigr03</strong></span> <span class='ocrx_word' id='word_1_171' title='bbox 1756 1673 1861 1720; x_wconf 87' lang='lat' dir='ltr'><strong>ein-</strong></span> 
     </span>
     <span class='ocr_line' id='line_1_25' title="bbox 291 1743 1527 1806; baseline -0.001 -17"><span class='ocrx_word' id='word_1_172' title='bbox 291 1747 424 1806; x_wconf 63' lang='lat' dir='ltr'><strong>gulls</strong></span> <span class='ocrx_word' id='word_1_173' title='bbox 462 1747 742 1790; x_wconf 82' lang='lat' dir='ltr'><strong>abdominis</strong></span> <span class='ocrx_word' id='word_1_174' title='bbox 779 1756 997 1803; x_wconf 80' lang='lat' dir='ltr'><strong>quatuor</strong></span> <span class='ocrx_word' id='word_1_175' title='bbox 1031 1743 1168 1799; x_wconf 70' lang='lat' dir='ltr'><strong>albis,</strong></span> <span class='ocrx_word' id='word_1_176' title='bbox 1213 1744 1527 1802; x_wconf 76' lang='lat' dir='ltr'><strong>interruptis.</strong></span> 
     </span>
    </p>
   </div>
   <div class='ocr_carea' id='block_1_7' title="bbox 141 1825 1902 2430">
    <p class='ocr_par' dir='ltr' id='par_1_9' title="bbox 141 1825 1902 2430">
     <span class='ocr_line' id='line_1_26' title="bbox 252 1825 1902 1880; baseline -0.005 -6"><span class='ocrx_word' id='word_1_177' title='bbox 252 1831 375 1874; x_wconf 69' lang='lat' dir='ltr'><strong>B‘Ias</strong></span> <span class='ocrx_word' id='word_1_178' title='bbox 420 1828 468 1871; x_wconf 84' lang='lat'>&amp;</span> <span class='ocrx_word' id='word_1_179' title='bbox 511 1830 636 1873; x_wconf 81' lang='lat' dir='ltr'><strong>Fem.</strong></span> <span class='ocrx_word' id='word_1_180' title='bbox 697 1830 879 1870; x_wconf 72' lang='lat' dir='ltr'><strong>Habitat</strong></span> <span class='ocrx_word' id='word_1_181' title='bbox 909 1830 952 1869; x_wconf 90' lang='lat' dir='ltr'><strong>in</strong></span> <span class='ocrx_word' id='word_1_182' title='bbox 991 1828 1142 1868; x_wconf 87' lang='lat' dir='ltr'><strong>Scania</strong></span> <span class='ocrx_word' id='word_1_183' title='bbox 1171 1828 1323 1868; x_wconf 78' lang='lat' dir='ltr'><strong>rarior.</strong></span> <span class='ocrx_word' id='word_1_184' title='bbox 1381 1830 1430 1868; x_wconf 83' lang='lat' dir='ltr'><strong>In</strong></span> <span class='ocrx_word' id='word_1_185' title='bbox 1459 1825 1780 1880; x_wconf 56' lang='lat' dir='ltr'><strong>Westrogothia</strong></span> <span class='ocrx_word' id='word_1_186' title='bbox 1807 1826 1859 1867; x_wconf 90' lang='lat' dir='ltr'><strong>D.</strong></span> <span class='ocrx_word' id='word_1_187' title='bbox 1896 1851 1902 1857; x_wconf 75' lang='grc'><strong>-</strong></span> 
     </span>
     <span class='ocr_line' id='line_1_27' title="bbox 143 1881 1858 1937; baseline -0.005 -8"><span class='ocrx_word' id='word_1_188' title='bbox 143 1889 180 1929; x_wconf 65' lang='grc' dir='ltr'><strong>Ξ.</strong></span> <span class='ocrx_word' id='word_1_189' title='bbox 214 1889 285 1927; x_wconf 88' lang='lat' dir='ltr'><strong>W.</strong></span> <span class='ocrx_word' id='word_1_190' title='bbox 339 1888 532 1926; x_wconf 70' lang='lat' dir='ltr'><strong>DALMAN.</strong></span> <span class='ocrx_word' id='word_1_191' title='bbox 596 1888 642 1925; x_wconf 88' lang='lat' dir='ltr'><strong>In</strong></span> <span class='ocrx_word' id='word_1_192' title='bbox 694 1884 988 1937; x_wconf 78' lang='lat' dir='ltr'><strong>ostrogothia,</strong></span> <span class='ocrx_word' id='word_1_193' title='bbox 1042 1883 1094 1921; x_wconf 91' lang='lat' dir='ltr'><strong>D.</strong></span> <span class='ocrx_word' id='word_1_194' title='bbox 1128 1883 1429 1923; x_wconf 67' lang='lat' dir='ltr'><strong>ZETTERSTEDT.</strong></span> <span class='ocrx_word' id='word_1_195' title='bbox 1478 1907 1531 1915; x_wconf 87' lang='lat'>-</span> <span class='ocrx_word' id='word_1_196' title='bbox 1589 1881 1858 1921; x_wconf 79' lang='lat' dir='ltr'><strong>Praecedente</strong></span> 
     </span>
     <span class='ocr_line' id='line_1_28' title="bbox 141 1935 1858 1999; baseline -0.005 -16"><span class='ocrx_word' id='word_1_197' title='bbox 141 1941 290 1999; x_wconf 82' lang='lat' dir='ltr'><strong>paullo</strong></span> <span class='ocrx_word' id='word_1_198' title='bbox 321 1941 551 1982; x_wconf 77' lang='lat' dir='ltr'><strong>robustior.</strong></span> <span class='ocrx_word' id='word_1_199' title='bbox 612 1940 739 1980; x_wconf 88' lang='lat' dir='ltr'><strong>Oculi</strong></span> <span class='ocrx_word' id='word_1_200' title='bbox 779 1940 963 1989; x_wconf 60' lang='lat' dir='ltr'><strong>maximi,</strong></span> <span class='ocrx_word' id='word_1_201' title='bbox 1018 1940 1060 1976; x_wconf 87' lang='lat' dir='ltr'><strong>in</strong></span> <span class='ocrx_word' id='word_1_202' title='bbox 1113 1948 1229 1974; x_wconf 83' lang='lat' dir='ltr'><strong>mare</strong></span> <span class='ocrx_word' id='word_1_203' title='bbox 1261 1944 1379 1976; x_wconf 83' lang='lat' dir='ltr'><strong>arcte</strong></span> <span class='ocrx_word' id='word_1_204' title='bbox 1409 1936 1677 1976; x_wconf 84' lang='lat' dir='ltr'><strong>cohaerentes.</strong></span> <span class='ocrx_word' id='word_1_205' title='bbox 1722 1935 1858 1974; x_wconf 81' lang='lat' dir='ltr'><strong>Frons</strong></span> 
     </span>
     <span class='ocr_line' id='line_1_29' title="bbox 141 1990 1860 2046; baseline -0.004 -10"><span class='ocrx_word' id='word_1_206' title='bbox 141 1999 441 2038; x_wconf 80' lang='lat' dir='ltr'><strong>albo-micans.</strong></span> <span class='ocrx_word' id='word_1_207' title='bbox 504 1996 705 2035; x_wconf 74' lang='lat' dir='ltr'><strong>Aniennae</strong></span> <span class='ocrx_word' id='word_1_208' title='bbox 737 1993 900 2033; x_wconf 80' lang='lat' dir='ltr'><strong>breves.</strong></span> <span class='ocrx_word' id='word_1_209' title='bbox 959 1995 1125 2046; x_wconf 85' lang='lat' dir='ltr'><strong>Corpus</strong></span> <span class='ocrx_word' id='word_1_210' title='bbox 1167 1990 1296 2029; x_wconf 82' lang='lat' dir='ltr'><strong>maris</strong></span> <span class='ocrx_word' id='word_1_211' title='bbox 1330 2005 1523 2044; x_wconf 89' lang='lat' dir='ltr'><strong>opacum,</strong></span> <span class='ocrx_word' id='word_1_212' title='bbox 1555 1991 1738 2042; x_wconf 85' lang='lat' dir='ltr'><strong>nigrum.</strong></span> <span class='ocrx_word' id='word_1_213' title='bbox 1768 1990 1860 2029; x_wconf 84' lang='lat' dir='ltr'><strong>Ad-</strong></span> 
     </span>
     <span class='ocr_line' id='line_1_30' title="bbox 141 2040 1858 2106; baseline -0.008 -15"><span class='ocrx_word' id='word_1_214' title='bbox 141 2050 434 2106; x_wconf 72' lang='lat' dir='ltr'><strong>sunt‘puncta</strong></span> <span class='ocrx_word' id='word_1_215' title='bbox 465 2050 551 2090; x_wconf 81' lang='lat' dir='ltr'><strong>duo</strong></span> <span class='ocrx_word' id='word_1_216' title='bbox 580 2052 624 2088; x_wconf 90' lang='lat' dir='ltr'><strong>in</strong></span> <span class='ocrx_word' id='word_1_217' title='bbox 656 2062 771 2088; x_wconf 85' lang='lat' dir='ltr'><strong>mare</strong></span> <span class='ocrx_word' id='word_1_218' title='bbox 797 2062 926 2101; x_wconf 79' lang='lat' dir='ltr'><strong>supra</strong></span> <span class='ocrx_word' id='word_1_219' title='bbox 956 2045 1197 2089; x_wconf 84' lang='lat' dir='ltr'><strong>scutellum,</strong></span> <span class='ocrx_word' id='word_1_220' title='bbox 1236 2040 1284 2083; x_wconf 82' lang='lat'>&amp;</span> <span class='ocrx_word' id='word_1_221' title='bbox 1313 2046 1400 2085; x_wconf 90' lang='lat' dir='ltr'><strong>duo</strong></span> <span class='ocrx_word' id='word_1_222' title='bbox 1434 2042 1737 2084; x_wconf 80' lang='lat' dir='ltr'><strong>metathoracis</strong></span> <span class='ocrx_word' id='word_1_223' title='bbox 1768 2058 1858 2084; x_wconf 79' lang='lat' dir='ltr'><strong>ma-</strong></span> 
     </span>
     <span class='ocr_line' id='line_1_31' title="bbox 142 2100 1852 2161; baseline -0.006 -14"><span class='ocrx_word' id='word_1_224' title='bbox 142 2109 232 2161; x_wconf 82' lang='lat' dir='ltr'><strong>jora</strong></span> <span class='ocrx_word' id='word_1_225' title='bbox 261 2107 491 2154; x_wconf 85' lang='lat' dir='ltr'><strong>albissima,</strong></span> <span class='ocrx_word' id='word_1_226' title='bbox 519 2111 568 2143; x_wconf 82' lang='lat' dir='ltr'><strong>ut</strong></span> <span class='ocrx_word' id='word_1_227' title='bbox 597 2100 657 2157; x_wconf 21' lang='grc' dir='ltr'><strong>δι’</strong></span> <span class='ocrx_word' id='word_1_228' title='bbox 675 2103 818 2143; x_wconf 60' lang='lat' dir='ltr'><strong>fascias*</strong></span> <span class='ocrx_word' id='word_1_229' title='bbox 843 2103 1082 2143; x_wconf 78' lang='lat' dir='ltr'><strong>abdominis</strong></span> <span class='ocrx_word' id='word_1_230' title='bbox 1116 2105 1318 2153; x_wconf 81' lang='lat' dir='ltr'><strong>quatuor,</strong></span> <span class='ocrx_word' id='word_1_231' title='bbox 1350 2102 1391 2138; x_wconf 88' lang='lat' dir='ltr'><strong>in</strong></span> <span class='ocrx_word' id='word_1_232' title='bbox 1420 2101 1558 2139; x_wconf 88' lang='lat' dir='ltr'><strong>medio</strong></span> <span class='ocrx_word' id='word_1_233' title='bbox 1587 2100 1852 2151; x_wconf 79' lang='lat' dir='ltr'><strong>interruptae,</strong></span> 
     </span>
     <span class='ocr_line' id='line_1_32' title="bbox 143 2153 1855 2210; baseline -0.004 -11"><span class='ocrx_word' id='word_1_234' title='bbox 143 2169 185 2199; x_wconf 78' lang='lat' dir='ltr'><strong>at</strong></span> <span class='ocrx_word' id='word_1_235' title='bbox 228 2164 271 2201; x_wconf 89' lang='lat' dir='ltr'><strong>in</strong></span> <span class='ocrx_word' id='word_1_236' title='bbox 300 2160 507 2199; x_wconf 75' lang='lat' dir='ltr'><strong>lateribus</strong></span> <span class='ocrx_word' id='word_1_237' title='bbox 535 2172 743 2199; x_wconf 79' lang='lat' dir='ltr'><strong>connexae.</strong></span> <span class='ocrx_word' id='word_1_238' title='bbox 775 2158 907 2199; x_wconf 78' lang='lat' dir='ltr'><strong>Pedes</strong></span> <span class='ocrx_word' id='word_1_239' title='bbox 926 2155 1148 2210; x_wconf 82' lang='lat' dir='ltr'><strong>simplices.</strong></span> <span class='ocrx_word' id='word_1_240' title='bbox 1184 2153 1271 2192; x_wconf 89' lang='lat' dir='ltr'><strong>Alae</strong></span> <span class='ocrx_word' id='word_1_241' title='bbox 1298 2155 1503 2207; x_wconf 81' lang='lat' dir='ltr'><strong>hyalinae:</strong></span> <span class='ocrx_word' id='word_1_242' title='bbox 1537 2166 1668 2190; x_wconf 85' lang='lat' dir='ltr'><strong>nervo</strong></span> <span class='ocrx_word' id='word_1_243' title='bbox 1693 2157 1855 2193; x_wconf 78' lang='lat' dir='ltr'><strong>transv.</strong></span> 
     </span>
     <span class='ocr_line' id='line_1_33' title="bbox 141 2206 1855 2266; baseline -0.003 -14"><span class='ocrx_word' id='word_1_244' title='bbox 141 2215 231 2254; x_wconf 78' lang='lat' dir='ltr'><strong>ord.</strong></span> <span class='ocrx_word' id='word_1_245' title='bbox 263 2224 391 2254; x_wconf 79' lang='lat' dir='ltr'><strong>recto.</strong></span> <span class='ocrx_word' id='word_1_246' title='bbox 450 2214 634 2266; x_wconf 85' lang='lat' dir='ltr'><strong>Squama</strong></span> <span class='ocrx_word' id='word_1_247' title='bbox 669 2212 782 2256; x_wconf 81' lang='lat' dir='ltr'><strong>alba.</strong></span> <span class='ocrx_word' id='word_1_248' title='bbox 831 2212 1012 2251; x_wconf 80' lang='lat' dir='ltr'><strong>halteres</strong></span> <span class='ocrx_word' id='word_1_249' title='bbox 1060 2210 1171 2249; x_wconf 89' lang='lat' dir='ltr'><strong>flavi.</strong></span> <span class='ocrx_word' id='word_1_250' title='bbox 1233 2209 1406 2249; x_wconf 86' lang='lat' dir='ltr'><strong>Femina</strong></span> <span class='ocrx_word' id='word_1_251' title='bbox 1443 2209 1551 2249; x_wconf 83' lang='lat' dir='ltr'><strong>Mari</strong></span> <span class='ocrx_word' id='word_1_252' title='bbox 1585 2206 1758 2254; x_wconf 83' lang='lat' dir='ltr'><strong>similis3</strong></span> <span class='ocrx_word' id='word_1_253' title='bbox 1811 2216 1855 2247; x_wconf 84' lang='lat' dir='ltr'><strong>at</strong></span> 
     </span>
     <span class='ocr_line' id='line_1_34' title="bbox 142 2260 1854 2321; baseline -0.005 -12"><span class='ocrx_word' id='word_1_254' title='bbox 142 2269 254 2309; x_wconf 80' lang='lat' dir='ltr'><strong>oculi</strong></span> <span class='ocrx_word' id='word_1_255' title='bbox 287 2269 453 2308; x_wconf 80' lang='lat' dir='ltr'><strong>macula</strong></span> <span class='ocrx_word' id='word_1_256' title='bbox 484 2271 607 2321; x_wconf 78' lang='lat' dir='ltr'><strong>nigra</strong></span> <span class='ocrx_word' id='word_1_257' title='bbox 641 2268 725 2306; x_wconf 85' lang='lat' dir='ltr'><strong>late</strong></span> <span class='ocrx_word' id='word_1_258' title='bbox 757 2268 993 2320; x_wconf 74' lang='lat' dir='ltr'><strong>disjuncti3</strong></span> <span class='ocrx_word' id='word_1_259' title='bbox 1039 2260 1085 2303; x_wconf 73' lang='grc' dir='ltr'><strong>δε</strong></span> <span class='ocrx_word' id='word_1_260' title='bbox 1113 2267 1267 2303; x_wconf 79' lang='lat' dir='ltr'><strong>thorax</strong></span> <span class='ocrx_word' id='word_1_261' title='bbox 1304 2269 1547 2314; x_wconf 77' lang='lat' dir='ltr'><strong>grisescens,</strong></span> <span class='ocrx_word' id='word_1_262' title='bbox 1583 2264 1754 2314; x_wconf 86' lang='lat' dir='ltr'><strong>punctis</strong></span> <span class='ocrx_word' id='word_1_263' title='bbox 1785 2263 1854 2300; x_wconf 82' lang='lat' dir='ltr'><strong>al-</strong></span> 
     </span>
     <span class='ocr_line' id='line_1_35' title="bbox 143 2317 1852 2374; baseline -0.004 -13"><span class='ocrx_word' id='word_1_264' title='bbox 143 2324 207 2362; x_wconf 79' lang='lat' dir='ltr'><strong>bis</strong></span> <span class='ocrx_word' id='word_1_265' title='bbox 236 2324 304 2361; x_wconf 78' lang='lat' dir='ltr'><strong>vix</strong></span> <span class='ocrx_word' id='word_1_266' title='bbox 334 2323 433 2361; x_wconf 86' lang='lat' dir='ltr'><strong>ullis</strong></span> <span class='ocrx_word' id='word_1_267' title='bbox 469 2329 655 2361; x_wconf 78' lang='lat' dir='ltr'><strong>notatur.</strong></span> <span class='ocrx_word' id='word_1_268' title='bbox 698 2322 874 2362; x_wconf 79' lang='lat' dir='ltr'><strong>Pictura</strong></span> <span class='ocrx_word' id='word_1_269' title='bbox 905 2333 1077 2374; x_wconf 88' lang='lat' dir='ltr'><strong>quoque</strong></span> <span class='ocrx_word' id='word_1_270' title='bbox 1105 2319 1347 2358; x_wconf 83' lang='lat' dir='ltr'><strong>abdominis</strong></span> <span class='ocrx_word' id='word_1_271' title='bbox 1365 2319 1481 2358; x_wconf 89' lang='lat' dir='ltr'><strong>haud</strong></span> <span class='ocrx_word' id='word_1_272' title='bbox 1515 2317 1669 2366; x_wconf 83' lang='lat' dir='ltr'><strong>differt,</strong></span> <span class='ocrx_word' id='word_1_273' title='bbox 1698 2330 1852 2369; x_wconf 82' lang='lat' dir='ltr'><strong>quam-</strong></span> 
     </span>
     <span class='ocr_line' id='line_1_36' title="bbox 144 2376 1645 2430; baseline -0.005 -14"><span class='ocrx_word' id='word_1_274' title='bbox 144 2380 205 2416; x_wconf 68' lang='lat' dir='ltr'><strong>vis</strong></span> <span class='ocrx_word' id='word_1_275' title='bbox 234 2377 477 2425; x_wconf 75' lang='lat' dir='ltr'><strong>obsoletior,</strong></span> <span class='ocrx_word' id='word_1_276' title='bbox 508 2377 700 2430; x_wconf 83' lang='lat' dir='ltr'><strong>inprimis</strong></span> <span class='ocrx_word' id='word_1_277' title='bbox 727 2379 771 2416; x_wconf 89' lang='lat' dir='ltr'><strong>in</strong></span> <span class='ocrx_word' id='word_1_278' title='bbox 802 2376 1029 2430; x_wconf 68' lang='lat' dir='ltr'><strong>specimine</strong></span> <span class='ocrx_word' id='word_1_279' title='bbox 1061 2382 1156 2428; x_wconf 88' lang='lat' dir='ltr'><strong>post</strong></span> <span class='ocrx_word' id='word_1_280' title='bbox 1189 2380 1368 2414; x_wconf 85' lang='lat' dir='ltr'><strong>mortem</strong></span> <span class='ocrx_word' id='word_1_281' title='bbox 1405 2377 1645 2424; x_wconf 63' lang='lat' dir='ltr'><strong>cor-rugato.</strong></span> 
     </span>
    </p>
   </div>
   <div class='ocr_carea' id='block_1_8' title="bbox 146 2446 1849 2562">
    <p class='ocr_par' dir='ltr' id='par_1_10' title="bbox 146 2446 1849 2562">
     <span class='ocr_line' id='line_1_37' title="bbox 259 2446 1849 2502; baseline -0.006 -8"><span class='ocrx_word' id='word_1_282' title='bbox 259 2452 357 2494; x_wconf 83' lang='lat' dir='ltr'><strong>Var.</strong></span> <span class='ocrx_word' id='word_1_283' title='bbox 407 2460 451 2501; x_wconf 81' lang='grc' dir='ltr'><strong>β.</strong></span> <span class='ocrx_word' id='word_1_284' title='bbox 488 2449 597 2492; x_wconf 76' lang='lat' dir='ltr'><strong>Mas.</strong></span> <span class='ocrx_word' id='word_1_285' title='bbox 639 2452 718 2492; x_wconf 82' lang='lat' dir='ltr'><strong>alis</strong></span> <span class='ocrx_word' id='word_1_286' title='bbox 745 2451 961 2492; x_wconf 66' lang='lat' dir='ltr'><strong>infuscans</strong></span> <span class='ocrx_word' id='word_1_287' title='bbox 990 2451 1206 2502; x_wconf 77' lang='lat' dir='ltr'><strong>praeditus,</strong></span> <span class='ocrx_word' id='word_1_288' title='bbox 1241 2451 1378 2488; x_wconf 85' lang='lat' dir='ltr'><strong>rarior</strong></span> <span class='ocrx_word' id='word_1_289' title='bbox 1415 2448 1614 2489; x_wconf 76' lang='lat' dir='ltr'><strong>occurrit.</strong></span> <span class='ocrx_word' id='word_1_290' title='bbox 1675 2446 1849 2485; x_wconf 75' lang='lat' dir='ltr'><strong>Pictura</strong></span> 
     </span>
     <span class='ocr_line' id='line_1_38' title="bbox 146 2500 1845 2562; baseline -0.004 -18"><span class='ocrx_word' id='word_1_291' title='bbox 146 2513 285 2545; x_wconf 76' lang='lat' dir='ltr'><strong>autem</strong></span> <span class='ocrx_word' id='word_1_292' title='bbox 313 2508 504 2562; x_wconf 82' lang='lat' dir='ltr'><strong>corporis</strong></span> <span class='ocrx_word' id='word_1_293' title='bbox 533 2505 802 2550; x_wconf 32' lang='lat' dir='ltr'><strong>albaveadem</strong></span> <span class='ocrx_word' id='word_1_294' title='bbox 827 2501 874 2544; x_wconf 86' lang='lat'>&amp;</span> <span class='ocrx_word' id='word_1_295' title='bbox 903 2504 1052 2546; x_wconf 88' lang='lat' dir='ltr'><strong>similis</strong></span> <span class='ocrx_word' id='word_1_296' title='bbox 1077 2512 1208 2557; x_wconf 84' lang='lat' dir='ltr'><strong>atque</strong></span> <span class='ocrx_word' id='word_1_297' title='bbox 1240 2505 1283 2542; x_wconf 88' lang='lat' dir='ltr'><strong>in</strong></span> <span class='ocrx_word' id='word_1_298' title='bbox 1315 2505 1433 2544; x_wconf 83' lang='lat' dir='ltr'><strong>Mare</strong></span> <span class='ocrx_word' id='word_1_299' title='bbox 1459 2515 1598 2555; x_wconf 82' lang='lat' dir='ltr'><strong>nuper</strong></span> <span class='ocrx_word' id='word_1_300' title='bbox 1622 2500 1845 2554; x_wconf 64' lang='lat' dir='ltr'><strong>descripto„</strong></span> 
     </span>
    </p>
   </div>
   <div class='ocr_carea' id='block_1_9' title="bbox 1525 2595 1583 2627">
    <p class='ocr_par' dir='ltr' id='par_1_11' title="bbox 1525 2595 1583 2627">
     <span class='ocr_line' id='line_1_39' title="bbox 1525 2595 1583 2627; baseline 0.017 -1"><span class='ocrx_word' id='word_1_301' title='bbox 1525 2595 1583 2627; x_wconf 86' lang='lat'><strong>10</strong></span> 
     </span>
    </p>
   </div>
  </div>
 </body>
</html>
