2077 2920
487 0 526 119 ἵ,

392 195 518 235 Not.
581 194 758 245 Species
807 192 943 244 hujus
974 195 1193 234 Familiae
1244 195 1296 235 ad
1327 197 1489 250 Leptes
1521 197 1765 238 saecundae
1798 201 1957 238 sectio-

221 251 308 297 nis,
343 251 485 301 quoad
514 259 789 290 structuram
821 259 1125 290 antennarum
1155 251 1449 305 habitumque
1481 257 1617 293 totius
1638 263 1700 292 sat
1722 268 1855 306 prope
1888 269 1957 294 ao-

223 306 420 353 cedunt3
479 316 522 345 at
553 307 772 346 differunt
803 320 894 346 non
926 308 1072 346 solum
1111 317 1338 348 structura
1365 311 1513 362 clypei
1545 325 1877 361 nervorumque
1911 313 1963 350 in*

223 362 303 401 alis
336 364 587 402 directione
624 363 814 412 diversa,
850 377 1008 401 verum
1051 367 1187 402 etiam
1219 368 1342 405 victu
1376 367 1602 406 larvarum
1646 375 1689 405 et
1719 377 1958 406 metamor-

220 418 348 471 phosi
382 420 695 458 verisimiliter
722 420 855 470 longe
888 420 1123 467 dissimili3
1164 423 1450 472 quamobrem
1483 425 1961 463 Heteroneuram

223 475 688 528 (Callomyzam)
747 477 795 514 in
829 477 938 515 Diss.
976 490 1138 515 novam
1189 480 1485 529 Dipterorum
1534 480 1796 518 methodum
1832 479 1957 519 exhi·

219 530 373 578 berne,
408 532 461 570 ad
492 531 790 571 Anthracides
826 533 1191 573 adnumeratam.
1216 549 1317 574 cum
1355 536 1594 586 Platypeza
1627 538 1762 585 Meig.
1798 537 1842 575 in
1880 550 1956 574 no—

221 601 274 626 va
305 588 478 626 familia
512 587 598 636 jam
629 588 904 638 conjungere
937 591 1072 629 satius
1105 590 1322 634 ducimus,
1378 593 1505 630 Hanc
1539 601 1688 630 autem
1719 593 1964 640 familiamq-

220 646 257 682 si
293 656 449 681 nervos
480 643 653 683 alarum
684 647 881 695 respicis,
921 646 1111 684 forsitan
1144 659 1258 697 pone
1313 650 1584 698 Scenopinos
1618 649 1840 687 collocare
1869 662 1957 687 ma·

221 701 286 752 gis
316 698 539 749 placebit;
585 709 628 738 at
661 703 694 739 si
727 710 945 740 antennas
976 704 1205 753 totiusque
1234 701 1440 743 habitum
1475 705 1686 753 consulis,
1718 705 1868 744 locum
1900 706 1969 744 eis-

221 767 337 806 pone
370 754 666 796 Anthi-excides
714 766 836 796 certe
873 758 1162 808 adjudicabis.

221 888 517 933 PLATYPEZA
612 892 650 934 A
670 888 699 932 b
719 889 953 935 domen·
1018 900 1243 935 ovatum.
1317 892 1488 936 Nerv
1510 907 1579 936 us
1670 908 1787 952 qua
1812 902 1918 937 rtu
1938 907 1957 936 s

371 955 764 1016 longitudinalis
803 958 866 1002 ad
900 958 1098 1017 apicem
1137 960 1227 1023 alae
1263 958 1511 1005 furcatus.

391 1065 516 1117 Apex
547 1076 849 1108 antennarum
905 1083 928 1108 a
972 1068 1065 1108 Cel.
1097 1070 1307 1108 Ftnmmo
1371 1078 1415 1107 et
1461 1068 1652 1109 Mamm
1702 1079 1857 1110 acutus
1887 1085 1967 1109 vo-r

225 1127 381 1167 catur3·
438 1124 572 1162 illurn
621 1134 773 1164 autern
806 1127 885 1179 (in
939 1125 1205 1177 exsiccatis)
1254 1125 1604 1172 obtusissimam,
1664 1129 1753 1165 nisi·
1823 1135 1962 1166 setam

226 1177 490 1227 capillarem'
536 1180 844 1232 longissimam
893 1190 1074 1232 spectes,
1125 1182 1467 1221 observavimus.
1532 1184 1724 1233 Caput
1768 1183 1911 1222 thorat
1930 1184 1964 1222 is

224 1231 482 1274 latitudine.
547 1237 721 1276 Oculi
770 1239 939 1277 lineam
991 1239 1112 1289 quasi
1163 1237 1330 1277 habent
1378 1248 1631 1277 transverse
1682 1240 1959 1288 impressam.

224 1279 522 1331 Abdonien
567 1289 751 1332 thorace
803 1297 878 1333 vix
929 1296 1176 1346 angustiu8‚
1231 1295 1582 1345 planiusculum,
1614 1299 1853 1346 segmentis
1887 1309 1963 1334 sex

226 1346 514 1387 instructum.
578 1351 707 1388 Setae
751 1352 933 1390 verticis
977 1352 1277 1401 parcissimae,
1328 1353 1400 1389 vix
1445 1351 1580 1398 ullae,
1641 1360 1685 1389 at
1741 1353 1962 1402 Corpus

224 1405 364 1454 magis
401 1407 607 1443 minusve
639 1406 864 1445 villosum.
928 1408 1126 1446 Articuli
1172 1416 1395 1446 teu-sorum
1427 1410 1705 1457 posticorum
1732 1416 1823 1447 tres
1852 1409 1975 1447 dila-s·

225 1461 328 1507 tati,
365 1463 639 1513 compressi3
683 1465 847 1502 tertius
881 1466 1043 1502 ceteris
1076 1464 1267 1514 longior.
1333 1462 1473 1503 Alae
1525 1467 1673 1503 nelvis
1717 1464 1965 1516 longitudia

224 1514 403 1555 :natibus
458 1520 608 1566 rectis,
659 1520 940 1570 simplicibus
997 1522 1219 1571 gaudent3
1271 1520 1394 1558 adest
1461 1528 1611 1559 tamen
1644 1534 1757 1571 pone
1793 1523 1967 1577 apicem

226 1572 323 1611 alae
353 1575 569 1613 nervulus
603 1588 624 1612 e
654 1588 794 1614 nervo
827 1586 984 1627 quarto
1013 1577 1064 1615 ad
1096 1589 1286 1616 nervum
1320 1576 1531 1615 costalem
1558 1578 1774 1616 arcuatim
1806 1578 1967 1628 flexus,

228 1630 306 1680 qui
348 1630 522 1669 furcam
545 1633 669 1682 quasi
701 1632 879 1672 forizntt
945 1635 1136 1684 Squama·
1168 1633 1246 1672 sub
1277 1632 1358 1672 alis
1399 1646 1548 1685 parva,
1602 1647 1642 1672 0
1631 1633 1766 1672 liata.

406 1709 448 1747 D
468 1711 479 1748 i
496 1711 581 1748 ffe
595 1722 653 1749 re
673 1724 701 1748 n
720 1712 808 1749 tia
853 1724 869 1749 s
885 1724 906 1749 e
923 1725 950 1748 x
968 1725 995 1749 u
1012 1722 1031 1749 s·
1083 1724 1106 1749 a
1154 1717 1392 1748 structura
1412 1710 1646 1749 oculorum
1675 1721 1778 1749 mox
1808 1709 1962 1763 digno-

229 1765 381 1803 scitur.
445 1768 617 1817 Corpus
660 1775 893 1818 praeterea
925 1769 1058 1806 maris
1094 1766 1246 1818 paullo
1274 1767 1413 1816 magis
1445 1766 1709 1830 pubescens5
1739 1770 1967 1819 mafrisque

228 1822 470 1869 nigricans,
506 1834 638 1874 quam
679 1825 890 1871 feminae,
951 1822 1075 1871 cujus
1126 1822 1248 1861 color
1288 1824 1541 1872 saepissime
1594 1832 1659 1862 est
1691 1826 1953 1875 variegatus.

228 1874 462 1919 Ultimum
492 1892 669 1930 quoque
717 1882 765 1918 111
805 1893 927 1918 maie
959 1887 1261 1927 momentum,
1287 1881 1438 1929 magis
1470 1879 1693 1928 obtusum,
1725 1878 1868 1920 hamis
1898 1895 1967 1920 or-

231 1935 419 1975 dinariis
468 1936 785 1975 verisimiliter
839 1938 1091 1976 instruitur
1137 1935 1303 1986 absque
1343 1920 1661 1987 appendicibus
1713 1936 1846 1990 longe
1898 1939 1965 1977 in—

231 1991 375 2031 flexis.

244 2065 247 2067 ’
414 2070 485 2109 Vi
505 2077 602 2110 ctu
621 2084 637 2108 s
675 2070 904 2110 larvarum
934 2068 982 2108 in
1003 2070 1186 2110 Boletis.
1216 2089 1273 2101 -ὴ-
1303 2067 1480 2119 Species
1512 2067 1646 2120 hujus
1669 2070 1849 2123 generis
1877 2078 1968 2114 tres

234 2125 469 2177 descripsit
502 2126 572 2166 Cl.v
606 2128 810 2178 Meigen‚-
855 2141 879 2166 a
908 2125 1182 2166 nostratibus
1213 2127 1287 2165 vix
1318 2127 1526 2166 diversas‘

383 2272 417 2302 1.
488 2259 543 2304 Ρ.
604 2257 922 2304 boletina
1013 2272 1227 2317 corpore
1296 2257 1449 2302 maris
1510 2255 1695 2318 nigro,
1758 2255 1968 2304 feminee

238 2323 467 2372 cinereo·
532 2326 815 2385 segmentis
851 2325 956 2370 basi
995 2327 1217 2386 nigris3
1237 2326 1328 2372 alis
1364 2326 1420 2372 in
1461 2335 1686 2386 utroque
1730 2341 1854 2372 sexu
1881 2327 1972 2387 hy-

238 2392 422 2442 alinisz
490 2408 648 2441 nervo
686 2394 920 2455 angulari
964 2395 1218 2456 elongato.
1255 2452 1259 2456 ,

1872 2460 1965 2501 Ha-
