2077 2920
473 25 556 83 517.

513 136 552 187 4

419 255 813 303 Differentia
861 252 1042 291 Sexus
1084 247 1155 285 vel
1205 248 1375 298 saepius
1426 259 1449 285 a
1495 248 1776 286 connexione
1821 247 1970 286 oculo,-

251 335 351 363 rum
382 322 427 358 in
454 317 638 358 vertice,
709 309 780 348 vel
813 319 985 356 semper
1032 303 1084 342 ab
1115 314 1199 340 ano
1240 304 1453 342 Feminae
1496 305 1711 341 acutiori:
1767 314 1968 351 segmen-

252 382 308 418 tis
354 390 376 427 3
406 387 434 411 ς.
468 385 495 421 4
531 369 674 421 parvis
707 361 1036 413 vaginantibus,
1074 359 1259 411 (ultimo
1299 367 1409 397 setas
1436 359 1558 397 binas
1580 358 1740 408 pilosas
1772 361 1969 408 saepissi-

251 447 322 472 me
355 427 626 468 absconditas
653 423 939 460 continente>
988 416 1126 455 Maris
1156 415 1330 460 obtuso,
1359 428 1539 461 corne0,
1571 415 1789 463 foi-cipato
1823 422 1866 451 et
1897 426 1970 467 aP·

248 485 534 541 pendiculato
585 477 830 532 (similiter
862 475 956 511 fere
987 479 1118 521 atque
1152 472 1198 508 in
1235 470 1449 520 Asilicis)
1487 484 1589 508 mox
1622 470 1912 520 dignoscitur.

367 562 370 563 ⁷
418 552 920 604 Metamorphosis
965 562 1058 588 non
1089 561 1141 585 ex
1177 547 1299 585 omni
1333 554 1457 596 parte
1486 549 1573 585 rite
1605 548 1796 596 cognita.
1843 548 1974 586 Lar-

250 633 348 659 vae
414 616 485 655 vel
510 616 556 652 in
588 606 709 662 aquis
743 608 812 646 vel
845 610 893 646 in
923 615 1043 644 terra
1073 604 1314 653 uliginosa,
1345 603 1534 641 forsitan
1579 601 1670 640 rhi
1694 601 1974 653 7ophagae,

248 673 556 714 verisimiliter
588 678 761 715 semper
790 671 1041 702 versantur.
1104 660 1400 709 Imagines
1451 670 1577 708 saepe
1609 658 1737 696 valde
1772 661 1974 697 minutae

249 741 291 771 et
321 733 367 768 in
403 726 586 768 floribus
615 731 658 760 et
689 724 735 760 in
763 720 883 758 foliis
915 717 1208 767 hospitantes,
1256 726 1438 752 succum
1466 714 1767 764 vegetabilem
1821 713 1973 753 hauri-

247 796 357 832 unt3
408 785 494 822 alia
528 788 679 819 autem
719 779 890 814 insecta
921 785 1055 825 parva
1102 771 1175 809 vel
1216 772 1317 808 viva
1345 770 1418 807 vel
1462 777 1637 807 mortua
1668 769 1875 819 inprimis
1906 772 1972 809 in-

249 846 413 897 festant
452 848 496 877 et
534 841 713 886 sugunt.

428 919 550 958 Not.
612 908 964 961 Tachydromias
1009 903 1174 942 habere
1223 909 1443 941 antennas
1492 900 1622 939 modo
1665 903 1975 942 2-articulatas

247 976 493 1014 observavit
524 971 595 1011 Cl.
627 968 824 1016 Meigen.
900 964 969 1001 An
1019 960 1140 998 rite?
1185 983 1240 989 —
1287 959 1333 997 Si
1385 971 1438 995 ex
1469 957 1672 1007 analogia
1705 959 1976 998 concludere

247 1032 396 1076 liceat,
424 1029 546 1068 hisce
576 1019 876 1064 animalculis,
914 1017 1085 1057 Generi
1112 1015 1292 1066 Empidi
1325 1015 1519 1052 maxime
1559 1013 1787 1060 affinibus,
1819 1023 1976 1054 anten-

246 1101 323 1126 nas
354 1097 526 1136 quoque
557 1077 881 1120 triarticulatas
911 1080 1182 1122 competere,
1239 1070 1356 1108 haud
1395 1071 1696 1119 incongruum
1726 1071 1974 1120 putabitur.

248 1142 506 1182 Articulum
535 1144 684 1176 autem
711 1133 783 1171 vel
814 1131 1015 1168 medium
1062 1127 1132 1165 vel
1159 1126 1366 1169 basalem,
1422 1126 1466 1162 in
1495 1132 1623 1163 tanta
1653 1128 1850 1175 partium
1879 1139 1978 1178 par-

247 1202 387 1239 vitate
415 1196 555 1236 oculis
588 1191 660 1231 vel
693 1189 873 1228 armatis
907 1183 1232 1229 absconditum,
1268 1181 1449 1220 credere
1481 1182 1545 1219 fas
1582 1188 1659 1219 est.

413 1341 557 1379 Area
607 1333 909 1388 angularis
965 1343 988 1368 e
1018 1328 1167 1366 nervis
1198 1325 1382 1371 duobus,
1424 1325 1544 1363 infra
1573 1322 1701 1362 basin
1729 1324 1782 1364 ad
1811 1328 1975 1377 margi-

245 1410 351 1439 nem
382 1396 477 1433 alae
506 1396 772 1433 interiorem
821 1383 1181 1431 excurrentibus,
1231 1380 1450 1432 angulum
1497 1380 1750 1429 saepissime
1795 1390 1978 1421 acutum

244 1452 555 1498 formantibus,
609 1455 793 1489 constat.
863 1445 998 1483 Hunc
1025 1441 1165 1491 igitur
1202 1438 1466 1482 terminum,
1518 1435 1618 1473 loco
1648 1437 1840 1475 Nervi
1891 1451 1976 1477 an-

247 1508 501 1563 gularis,
552 1508 605 1544 in
629 1502 846 1544 Methodo
895 1500 1190 1548 Dipterorum
1245 1495 1313 1546 (et
1343 1495 1391 1531 in
1429 1491 1632 1531 Familiis
1662 1490 1751 1531 huc
1787 1505 1923 1543 usque
1956 1507 1981 1534 a

244 1563 453 1605 Praeside
485 1560 744 1609 elaboratis)
778 1555 986 1599 adhibiti,
1022 1552 1296 1591 substituere
1328 1549 1467 1598 magis
1500 1560 1604 1586 sane
1641 1550 1865 1587 convenit.
1922 1573 1978 1580 --

244 1622 484 1661 Praeterea
513 1617 830 1655 observantur:
901 1613 1091 1649 Areae
1139 1606 1300 1644 disco
1319 1604 1510 1643 idales
1563 1604 1610 1641 in
1651 1603 1770 1642 disco
1800 1605 1979 1645 nullam

241 1688 343 1715 cum
369 1687 506 1712 nervo
537 1672 706 1718 castali,
739 1665 999 1717 marginali,
1049 1674 1194 1713 neque
1245 1674 1346 1700 cum
1390 1657 1481 1699 basi
1512 1659 1606 1697 alae
1643 1661 1977 1701 connexionem

242 1731 458 1771 habentes
485 1743 496 1774 3
573 1729 761 1766 Areae
791 1716 1072 1764 'basales‚
1144 1717 1416 1756 costales
1487 1724 1531 1753 et
1578 1717 1966 1766 marginales.

242 1789 311 1828 Ex
340 1786 408 1824 his
439 1796 566 1823 areae
597 1780 860 1821 discoidales
892 1778 1146 1827 aptissimae
1179 1782 1297 1819 sunt,
1331 1785 1442 1822 quae
1474 1778 1601 1808 notas
1634 1772 1876 1821 praebeant
1909 1774 1985 1812 di:

245 1844 493 1888 stinctivas,
541 1841 588 1877 in
623 1847 888 1889 quocunque
935 1833 1114 1872 Genere
1146 1828 1470 1871 consulendam
1527 1840 1653 1865 areae
1704 1829 1975 1879 marginales

244 1899 388 1951 quoad
416 1908 658 1935 numerum
681 1902 923 1931 nervorum
948 1890 997 1926 in
1027 1886 1277 1934 marginem
1300 1884 1395 1922 alae
1431 1884 1699 1922 interiorem
1731 1897 1976 1924 excurren-

242 1956 444 1994 rentium
473 1950 746 1991 considerari
776 1953 988 1997 possunt3
1034 1950 1078 1980 at
1111 1953 1238 1980 areae
1268 1940 1437 1979 basales
1468 1946 1512 1976 et
1538 1938 1739 1980 costales,
1771 1942 1973 1990 saepissi-

242 2024 315 2051 me
347 2004 547 2048 minutae
578 2014 622 2045 et
650 2011 910 2048 coarctatae,
927 2001 1003 2038 vix
1033 1997 1183 2037 ullum
1208 1998 1257 2036 in
1284 1997 1403 2036 notis
1437 1994 1683 2034 formandis
1712 2008 1842 2034 usum
1875 2008 1975 2047 sup-

247 2066 466 2120 peditant.

244 2198 414 2245 Hrnos
476 2189 905 2240 Haustellum
978 2182 1328 2239 horizontale,
1412 2181 1722 2239 porrectum.
1794 2180 1981 2224 Areae

427 2257 767 2318 angularis
820 2254 1191 2301 rudimentum,
1270 2251 1544 2295 Femora
1597 2245 1862 2308 postica
1904 2248 1978 2291 in-

425 2335 659 2373 crassata·

246 2440 306 2451 ”’““
333 2440 350 2444 “
413 2439 634 2486 Corpus
689 2430 978 2481 subpilosum,
1014 2432 1281 2469 incurvum:
1324 2423 1562 2462 abdomine
1606 2422 1873 2476 cylindrico‚
1907 2420 1983 2465 dis

244 2497 381 2556 :qidio
413 2504 595 2546 corpore
624 2490 842 2543 longiore.
904 2489 942 2527 A
954 2499 986 2526 n
998 2495 1017 2526 t
1035 2499 1056 2526 e
1071 2497 1144 2524 nn
1156 2496 1178 2523 a
1192 2496 1214 2521 e
1255 2487 1502 2533 porrectae.
1562 2480 1596 2520 P
1612 2493 1633 2519 e
1650 2480 1676 2519 d
1690 2493 1713 2520 e
1730 2493 1748 2519 s
1799 2479 1974 2520 subhir-

314 2565 316 2569 ’
1854 2537 1966 2584 suti3
2004 2540 2011 2542 “
