1967 2873
1537 137 1611 199 57

160 279 241 328 44.
315 268 389 315 M.
423 266 573 314 hilaris
607 266 851 329 oblonga,
890 283 1193 320 canescens:
1246 271 1384 319 linea
1431 272 1601 318 media
1643 271 1879 319 maculis-

306 351 404 395 que
443 348 471 381 2
513 336 812 382 lateralibus
846 337 1103 398 thoraciS,
1138 342 1371 404 margine
1406 341 1644 399 scutelli,
1685 342 1878 387 incisu-

307 404 478 462 risque
526 403 702 463 nigris-

299 485 402 526 Mas
433 480 479 523 &
508 483 615 525 Fem.
676 484 853 523 Habitat
884 486 926 524 in
957 487 1296 541 Westrogothia,
1335 488 1669 540 D-Gutmun,
1696 489 1740 527 in
1753 488 1878 529 Smo-

157 542 315 591 lancha,
342 541 395 580 D.
426 539 640 588 Bonnam,
672 540 714 577 in
742 538 892 578 Scania
923 543 1136 582 rarissime
1182 565 1239 575 —
1265 545 1412 585 Musca
1446 544 1666 585 domestica
1696 542 1875 596 longior·

155 599 292 637 Frons
316 601 414 634 ante
450 593 593 632 oculos
625 599 836 646 porrecta,
870 594 1176 637 albo-micans:
1221 599 1391 638 macula
1433 600 1637 652 utrinque
1678 598 1732 638 ad
1771 612 1877 637 ocu-

155 651 233 701 los,
261 650 315 689 ad
345 655 508 688 certum
538 647 709 686 luminis
741 648 870 686 situm
898 651 1030 701 nigra.
1091 651 1219 692 Oculi
1253 655 1293 692 in
1315 668 1433 693 mare
1460 656 1761 706 approximati,
1790 667 1877 692 non

154 705 425 751 cohaerentes,
459 702 716 752 mediocres,
754 703 872 741 nudi.
933 706 1065 744 Linea
1098 709 1267 746 verticis
1307 711 1441 759 nigra.
1504 708 1675 749 Thorax
1718 705 1764 747 &
1797 710 1878 749 ah-

154 760 307 799 domen
337 772 456 805 cana,
487 757 678 806 maculis,
712 764 760 795 ut
793 759 833 795 in
867 759 1070 810 diagnosi‚
1106 762 1236 813 nigris
1269 764 1395 816 picta.
1460 763 1594 802 Pedes
1627 765 1753 818 nigri,
1784 766 1875 819 spi-

154 817 258 854 nosi.
320 811 408 854 Alae
441 810 650 865 hyalinae:
690 812 871 851 nervulo
901 821 1058 855 transv.
1092 816 1181 856 ord.
1209 819 1251 856 in
1289 817 1455 857 literam
1488 818 1515 856 S
1544 816 1666 858 flexo.

302 884 398 926 Obs.
458 885 620 923 Marem
653 899 674 923 e
718 884 865 923 Museo
901 886 1160 931 Graan-nm..
1201 890 1399 930 vidimus.

150 1010 232 1056 45.
307 999 379 1044 M.
412 999 558 1060 grisea
591 998 805 1056 oblonga
842 1012 1133 1055 canescens,
1173 1003 1340 1048 fronte
1380 1004 1698 1061 prominula,
1737 1005 1873 1050 linea

302 1065 531 1111 thoracis
567 1064 959 1124 abdominisque
999 1070 1182 1116 dorsali
1214 1071 1438 1115 obsoleta
1475 1071 1725 1125 brunnea,
1759 1087 1873 1118 scu-

298 1133 425 1178 tello
457 1132 807 1190 immaculato,
840 1134 932 1178 alis
967 1137 1395 1196 pallescentibus:
1434 1152 1590 1184 nervo
1623 1149 1873 1186 transver-

296 1214 353 1245 so
401 1199 648 1252 subrecto.

296 1280 398 1321 Mas
434 1277 479 1320 &
509 1281 615 1322 Fam.
677 1280 854 1320 Habitat
888 1285 928 1322 in
958 1285 1279 1339 Westrogothia
1311 1288 1362 1326 D.
1393 1288 1641 1328 Gnmzmffl„
1672 1284 1716 1328 &
1752 1290 1870 1329 Dm,-

152 1349 258 1384 ⁵¹¹1ss
290 1338 332 1374 in
364 1336 518 1375 Scania
550 1338 688 1376 rarior
716 1360 770 1367 -
802 1338 1054 1390 Magnitudo
1089 1344 1376 1394 praecedentis,
1418 1368 1461 1373 —
1499 1345 1625 1396 eique
1656 1352 1721 1384 sat
1754 1346 1873 1383 simi-

151 1393 215 1441 lis,
256 1396 418 1444 praeter
463 1394 690 1444 picturam.
748 1392 884 1431 Frons
917 1402 1128 1446 porrecta,
1160 1397 1469 1437 albo-micans:
1514 1399 1682 1438 macula
1728 1402 1873 1438 utrin-

151 1460 233 1501 que
267 1444 320 1483 ad
351 1444 495 1484 oculos
526 1448 676 1497 nigrat,
711 1446 763 1485 ad
792 1455 955 1486 certum
993 1448 1166 1490 luminis
1201 1453 1327 1490 situm
1366 1454 1608 1505 conspicua.
1667 1454 1872 1493 Antennae

150 1504 306 1555 nigrae:
336 1500 523 1539 articulo
548 1500 701 1540 ultimo
730 1501 907 1553 reliquis
936 1503 1070 1554 duplo
1107 1504 1300 1558 longiori.
1362 1508 1488 1546 Oculi
1521 1510 1754 1548 mediocres
1785 1522 1871 1546 nu-

149 1560 206 1606 di,
239 1558 279 1594 in
314 1568 431 1593 mare
462 1556 772 1608 approximafi,
809 1571 891 1594 non
927 1558 1185 1598 cohaerentes
1208 1591 1217 1605 ,
1257 1563 1299 1599 in
1336 1563 1492 1600 semina
1527 1563 1609 1601 late
1639 1565 1870 1602 distantes:

150 1614 260 1651 linea
301 1610 439 1648 media
476 1611 647 1649 verticis
687 1613 821 1662 nigra.
882 1613 1052 1651 Thorax
1096 1609 1143 1651 &
1187 1615 1397 1654 abdomen
1443 1619 1530 1655 fere
1578 1618 1866 1667 immaculata,

149 1673 302 1719 praeter
334 1663 487 1702 lineam
519 1665 730 1703 dorsalem
763 1666 1015 1716 brunneam,
1045 1682 1199 1721 parum
1229 1685 1259 1708 s.
1293 1673 1358 1709 vix
1390 1673 1674 1725 perspicuam.
1737 1673 1869 1712 Pedes

151 1721 272 1768 nigri.
335 1717 761 1772 Alae.pallescentes‚
825 1718 871 1759 (Sc
909 1723 1067 1774 pallide
1109 1738 1320 1763 nervosae:
1364 1740 1496 1765 nervo
1538 1733 1694 1767 transv.
1731 1728 1866 1768 ordin.

150 1774 362 1815 subrecto.
942 1790 943 1796 ¹

149 1889 231 1946 46.
303 1888 373 1931 M.
407 1888 699 1946 obtusipennis
737 1887 1127 1934 cinereo-fusca.
1176 1893 1341 1938 oculis
1390 1893 1663 1952 utriusque
1715 1908 1864 1943 sexus

297 1956 451 2011 longe
489 1952 809 2006 distantibus,
849 1956 1057 2000 thorace
1096 1959 1312 2013 lineato,
1360 1961 1631 2006 abdomine
1667 1963 1867 2008 subma-

297 2022 498 2072 culat03
538 2021 630 2066 alis
677 2022 898 2070 obtusis:
947 2038 1101 2070 nervo
1136 2037 1320 2072 transm
1364 2028 1471 2076 ord.
1512 2032 1671 2084 rec103
1717 2044 1873 2090 squar

295 2103 382 2137 rna
414 2087 619 2146 pallida.

294 2171 395 2211 Mas
426 2165 472 2208 &
502 2169 608 2210 Fem.
670 2172 717 2209 ln
749 2172 853 2210 silva
884 2174 1092 2225 Esperiid,
1119 2188 1258 2213 mense
1292 2175 1500 2227 Angusto,
1530 2179 1755 2219 rarissime.
1793 2180 1857 2221 M.

147 2226 367 2266 domestica
401 2239 484 2264 non
523 2224 718 2277 longior,
760 2234 803 2264 at
837 2228 923 2266 sere
951 2230 1171 2278 angustior
1213 2254 1265 2261 —
1313 2232 1447 2270 Frons
1494 2233 1559 2270 vix
1603 2236 1861 2286 prominens.

148 2282 352 2318 Antemnae
385 2282 542 2330 nigrae:
575 2281 756 2320 articulo
788 2282 942 2320 ultimo
980 2282 1155 2336 reliquis
1196 2285 1329 2337 duplo
1375 2286 1461 2324 sere
1503 2287 1698 2339 longiori.
1756 2290 1863 2343 Cly-

146 2348 251 2387 peus
279 2336 406 2372 maris
438 2335 573 2384 niger,
603 2333 767 2374 seminae
794 2337 1092 2376 albo-micans.
1161 2339 1286 2378 Oculi
1319 2341 1548 2380 mediocres
1574 2343 1676 2381 nudi
1700 2346 1742 2383 in
1765 2359 1861 2383 vel·-

145 2391 227 2426 tice
257 2390 485 2439 utriusque
518 2402 640 2427 sexus
671 2392 893 2443 aequaliter
922 2391 1009 2429 sere
1039 2393 1262 2432 distantes:
1312 2396 1541 2434 interstitio
1571 2397 1705 2449 nigro.
1739 2399 1861 2439 Tho-

146 2445 252 2481 racis
304 2443 421 2481 lineae
469 2443 680 2495 obsoletae.
743 2446 965 2484 Abdomen
1009 2446 1073 2484 vel
1116 2449 1462 2497 immaculatum,
1509 2450 1575 2489 vel
1630 2457 1799 2506 punctis
1835 2456 1861 2504 4

146 2497 364 2547 brunneis,
401 2497 453 2536 ad
490 2504 653 2536 certum
687 2499 860 2539 luminis
890 2503 1019 2539 situm
1052 2504 1290 2557 conspicuis
1337 2512 1559 2555 notatum,
1605 2508 1673 2546 vel
1715 2511 1757 2548 in
1791 2510 1858 2548 in-

1079 2559 1090 2587 ‘
1568 2561 1595 2600 8
