2045 2883
1689 99 1751 146 ¹5

146 220 191 266 7.
254 207 311 255 Ο.
374 207 408 252 h
425 222 464 252 ae
479 224 528 253 m
546 225 573 254 o
590 224 614 253 ι·
630 224 654 253 r
672 208 705 254 h
722 206 823 253 oid
839 207 966 253 alis
1026 207 1192 253 fronte
1231 206 1450 253 scutelle
1490 206 1714 254 thoracis
1751 204 1905 253 abdo·

322 277 581 335 mEnisque
603 280 773 325 antico
807 275 1248 330 albicio-hirsutis,
1275 291 1370 320 ano
1408 275 1765 334 fulvo-hirtof,
1806 276 1900 323 alis

320 344 686 402 immaculatis,
724 344 863 389 tibiis
893 343 1143 403 tarsisque
1175 342 1397 403 pallidis.

263 453 389 493 Fabr.
434 455 554 494 Antl.
591 466 685 503 229.
713 467 750 504 7.
815 456 945 493 Linn.
984 453 1062 494 Fn.
1099 465 1217 504 1753.
1259 453 1314 493 Q.
1345 454 1446 503 equi
1479 453 1607 495 Fabn
1643 452 1746 492 Ent.
1784 458 1890 505 syst.

140 518 179 558 4.
234 522 326 559 252.
361 522 396 560 7.
435 513 494 569 β
535 512 585 549 Ο.
621 511 781 549 nasalis
813 511 995 549 Modeer
1028 512 1121 548 Act.
1187 509 1336 548 Holm.
1375 520 1498 559 1739.

318 598 436 636 Mas
479 608 526 637 et
556 599 696 637 Fem.
755 599 894 636 Larva
925 599 971 635 in
1000 598 1228 635 intestinis
1259 609 1472 646 equorum
1504 594 1775 645 hospitatur,
1801 594 1892 634 lar-

138 661 197 689 vae
243 651 391 692 Oestri
442 667 542 704 equi
598 654 843 699 simillima,
893 663 936 690 at
986 656 1144 691 minor.
1188 651 1306 690 ”Ova
1339 663 1504 695 autem,
1538 652 1800 689 observante
1832 651 1886 690 D.

137 705 303 753 ΟΕΑΒΚ,
355 712 401 747 in
437 711 561 748 labiis
610 723 824 759 equorum
875 710 1178 758 deponuntur,
1234 708 1342 746 olim
1388 720 1619 759 perperam
1655 720 1792 744 anum
1821 707 1891 744 in-

135 768 256 799 trare
286 764 434 803 dictes‘
463 767 518 806 D.
552 768 792 804 Rumam».
822 788 874 794 ——
909 765 1172 814 Magnitudo
1200 764 1494 814 praecedentis
1542 764 1681 801 Frons
1713 763 1888 800 sordide

133 816 412 865 albo-hirta,
444 823 647 871 inprimis
681 822 759 858 sub
785 821 993 858 antennis
1078 823 1199 868 Apex
1253 827 1552 857 antennarum
1598 830 1701 868 saepe
1738 820 1885 868 niger.

130 872 260 912 Oculi
294 878 553 921 mediocres,
583 878 772 916 oblongi,
814 875 995 914 Thorax
1027 876 1200 913 sordide
1231 874 1364 912 albo·
1385 875 1611 912 hirsutus:
1653 874 1786 912 fascia
1818 875 1886 911 in-

130 934 202 965 ter
233 931 320 968 alas·
354 932 437 969 lata
472 946 495 969 e
530 932 633 982 pilis
662 934 814 979 nigris,
850 931 1040 968 scutello
1072 929 1351 969 albo-hirto.
1409 925 1634 969 Abdonien
1666 929 1756 967 basi
1792 942 1884 966 sor-

88 1031 91 1036 Δ
132 982 232 1021 dide
263 986 627 1037 albo—pilosum3
675 989 777 1026 dein
809 987 942 1024 fascia
972 986 1118 1024 media
1148 1000 1171 1023 e
1205 987 1309 1034 pilis
1349 985 1554 1023 brevibus
1587 986 1740 1034 nigris,
1782 997 1886 1035 prae-

130 1042 282 1077 sertim
316 1044 360 1079 in
391 1056 537 1088 mare3
588 1055 673 1079 ano
726 1045 815 1081 late
847 1040 1145 1087 fulvo-hirto,
1195 1041 1393 1090 genitale
1426 1043 1604 1080 feminae
1652 1038 1783 1091 longe
1815 1042 1884 1078 in-

130 1104 326 1143 curvato,
359 1099 528 1135 conico.
573 1098 710 1136 Pedes
744 1097 915 1149 pallidi,
955 1097 1198 1134 femoribus
1230 1097 1380 1146 nigris.
1429 1098 1515 1137 Alae
1544 1097 1743 1134 tenuiter
1775 1109 1876 1133 ner·

128 1163 262 1191 vosaet
337 1155 486 1191 nervis
545 1156 808 1192 transversis
870 1156 916 1191 in
972 1153 1092 1190 disco
1158 1163 1314 1202 parum
1382 1152 1655 1204 conspicuis,
1714 1152 1884 1190 distan-

128 1205 264 1253 tibus,
321 1221 403 1247 nec
443 1217 492 1247 ut
554 1211 598 1247 in
667 1210 720 1249 O.
758 1211 960 1247 veterino
1005 1207 1253 1255 conjunctis
1325 1210 1509 1260 Squama
1549 1206 1659 1250 alba,
1711 1208 1881 1246 medio-

128 1263 229 1306 cris,
267 1264 432 1302 ciliata.
499 1266 655 1303 Variat
687 1264 855 1304 femina
888 1272 933 1302 et
962 1263 1197 1301 abdomine
1230 1263 1551 1312 suffllenudato,
1612 1271 1656 1300 et
1689 1265 1884 1302 maxima

127 1329 180 1353 ex
212 1326 335 1367 parte
367 1321 518 1359 fulvo·
544 1321 696 1370 piloso.
751 1323 781 1359 A
832 1319 1102 1371 praecedente.
1153 1319 1326 1357 differt:
1378 1323 1526 1360 fronte
1567 1318 1789 1366 albidiori,
1819 1319 1884 1357 fa-

126 1373 214 1410 scia
246 1373 438 1415 thoracis
474 1378 562 1414 late
595 1378 721 1427 nigra
748 1385 796 1414 ut
823 1386 866 1415 et
896 1377 984 1415 situ
1008 1387 1249 1413 nervorum
1282 1384 1653 1418 transversorum.

293 1453 411 1491 Obs.
468 1454 610 1492 Larva
660 1466 681 1490 a
717 1453 767 1490 D.
807 1452 1013 1489 Fiscmm.
1065 1453 1216 1491 Verm.
1252 1453 1382 1491 Cont.
1420 1464 1444 1489 2
1488 1458 1517 1488 t.
1555 1463 1591 1490 2.
1624 1452 1656 1492 f.
1692 1464 1729 1502 5.
1768 1451 1882 1490 deli·

123 1512 269 1552 neate,
303 1507 434 1557 hujus
469 1509 780 1547 verisimiliter
813 1515 875 1544 est
909 1508 1082 1556 speciei.
1149 1509 1318 1546 seriem
1351 1515 1500 1544 autem
1533 1507 1760 1557 duplicem
1793 1509 1882 1557 spi-

121 1561 331 1600 nularurn
359 1567 549 1603 vidimus
579 1567 625 1602 in
657 1563 831 1614 singulo
867 1571 1094 1611 segmento
1135 1565 1449 1614 spedminnm,
1487 1575 1578 1613 quae
1601 1565 1649 1602 in
1679 1563 1876 1606 Collect.

120 1618 327 1657 Anatom.
361 1621 490 1660 Acad.
530 1620 673 1660 Lund.
721 1620 1027 1658 adservantur.

123 1735 166 1780 8·
233 1730 290 1777 O.
361 1732 513 1789 equi
567 1732 736 1775 fronte
787 1730 1149 1784 albo-cornea,
1209 1743 1420 1787 corpore
1463 1728 1877 1788 subferrugineo‚

267 1797 423 1842 fascia
463 1799 683 1842 thoracis
723 1798 1118 1856 nigro-pilosa3
1155 1797 1246 1841 alis
1288 1796 1666 1856 albicantibus:
1718 1798 1878 1843 fascia

263 1867 570 1924 punctisque
610 1864 806 1910 duobus
843 1863 1119 1922 subnigris.

282 1952 409 1991 Fabr.
448 1952 568 1991 Antl.
604 1958 696 1995 228.
737 1962 775 2000 4.
824 1948 944 1988 Zool.
981 1950 1100 1988 Svec.
1129 1960 1168 1998 4.
1223 1949 1275 1989 O.
1304 1947 1440 1988 vituli
1471 1948 1598 1987 Fabr.
1632 1951 1737 1991 En-t.
1767 1961 1872 2007 syst,

114 2030 154 2067 4.
191 2030 285 2068 25¹·
321 2033 357 2070 4.
391 2019 441 2057 O.
479 2018 601 2057 bovis
632 2019 762 2056 Linn.
801 2017 879 2067 ΕΠ.
922 2028 1044 2064 1750.
1092 2016 1196 2056 Var.
1228 2007 1283 2064 β.
1364 2015 1414 2054 Ο.
1475 2017 1749 2058 intestinalis
1806 2022 1876 2061 De

116 2073 238 2114 Geer
271 2075 354 2113 Ins.
389 2074 425 2113 6.
461 2085 552 2124 291.
603 2081 636 2111 t,
681 2083 743 2122 15.
785 2073 816 2114 f,
854 2073 919 2113 16.
953 2083 1096 2113 verus.

286 2151 404 2190 Mas
449 2157 494 2188 et
536 2150 677 2188 Fem.
739 2150 880 2188 Larva
912 2149 1143 2187 notissima·
1187 2160 1209 2186 a
1243 2147 1388 2188 Nobil.
1432 2149 1487 2190 D.
1524 2149 1590 2188 De
1616 2150 1736 2190 Geer
1766 2151 1794 2190 l.
1831 2166 1870 2196 c.

115 2205 352 2255 descripta,
390 2207 652 2257 (segmentis
682 2207 806 2258 apice
837 2207 967 2244 unica
994 2205 1183 2243 forsitan
1214 2207 1328 2247 sei-ie
1347 2204 1587 2254 spinulosis
1607 2206 1661 2257 P)
1694 2209 1741 2246 in
1766 2221 1875 2248 ven..

113 2261 283 2300 triculo
313 2274 530 2311 equorum
561 2263 893 2299 nutrimentum
924 2260 1070 2298 habet.
1124 2259 1216 2297 Ova
1272 2262 1318 2298 in
1348 2260 1548 2310 genubus
1581 2270 1625 2299 et
1656 2262 1872 2307 lateribus

114 2319 217 2366 equi
250 2317 462 2366 deposita,
529 2317 682 2368 lingua
714 2316 898 2355 humida
929 2317 1219 2366 excipiuntur
1270 2325 1314 2354 et
1356 2329 1456 2355 cum
1488 2316 1585 2355 cibo
1621 2318 1666 2355 in
1699 2323 1869 2360 ventri-

113 2373 267 2412 culum
294 2373 582 2412 descendunt.
613 2396 672 2408 ‚-
732 2372 999 2421 Magnitudo
1046 2371 1094 2409 O.
1130 2370 1263 2409 bovis.
1313 2372 1452 2410 Frons
1509 2385 1689 2418 cornea,
1724 2375 1872 2415 brevi-

109 2436 183 2467 ter
209 2428 380 2466 villosa,
416 2430 629 2469 Antennae
658 2429 840 2479 pallidae.
894 2425 1026 2473 Oculi
1058 2426 1254 2477 oblongi,
1317 2426 1438 2467 haud
1468 2430 1629 2477 magni.
1682 2430 1865 2479 Thorax

109 2486 349 2536 nigricans,
388 2485 536 2522 amice
570 2483 738 2533 pallide
769 2483 941 2522 hirtus:
993 2482 1124 2522 fascia
1155 2482 1260 2521 dein
1280 2484 1416 2534 magis
1449 2484 1650 2522 minusve
1678 2485 1766 2526 lata
1796 2490 1865 2528 in-

108 2547 180 2584 ter
209 2541 300 2582 alas
332 2552 356 2579 e
382 2540 488 2592 pilis
516 2538 636 2580 haud
664 2540 879 2580 confertis
909 2539 1064 2587 nigris.
1131 2538 1387 2580 Scutellum
1412 2538 1730 2581 luteo-hirtum
1761 2556 1863 2583 cum

941 2595 976 2634 B
1006 2605 1031 2633 2
1798 2599 1861 2637 fa-
