2077 2920
431 0 502 45 ΞΥ).

487 105 524 160 8

211 241 341 282 nibus
381 247 424 277 et
458 236 687 277 interdum
715 234 845 272 tarsis
878 230 1221 281 lutescentibus.
1287 231 1474 270 Femora
1508 235 1656 273 antica
1684 237 1845 283 valida,
1874 241 1940 280 in-

211 296 431 337 termedia
480 306 636 333 crassa,
680 292 848 340 postica
899 288 1123 337 simplicia
1171 288 1242 324 vix
1278 291 1474 326 incurva.
1544 293 1712 330 Nervus
1767 296 1942 335 alarum

211 353 457 394 auxiliaris,
489 349 700 388 similiter
732 354 863 394 atque
897 344 944 380 in
977 344 1027 384 T.
1060 343 1289 389 annulata,
1323 346 1370 381 in
1399 345 1546 383 medio
1578 356 1724 386 costae
1756 353 1936 398 desinit,

210 420 254 450 at
287 420 446 447 nervus
479 403 695 443 secundus
730 399 1074 450 longitudinalis
1105 401 1269 437 rectior
1301 407 1376 437 est.
1448 402 1483 438 A
1512 412 1724 451 sequente
1761 407 1938 446 differt:

211 467 360 506 colore
391 473 588 513 genuum
619 459 759 504 luteo,
792 464 840 494 ut
871 463 915 493 et
946 457 1234 506 proportione
1266 456 1489 494 femorum
1530 458 1713 497 diversa,

208 560 257 606 4,
295 548 352 593 T.
417 541 609 601 nigra
670 537 815 598 nigra
875 535 1053 591 nitida,
1105 535 1388 580 femoribus
1441 539 1600 598 nigris
1637 540 1941 600 subaequali-

357 611 483 655 bust
549 606 760 665 posticis
802 603 1058 649 incurvist
1126 603 1216 646 alis
1255 604 1637 652 subinfuscatiS.

374 698 514 747 Meig.
547 694 671 743 Dipt.
706 699 800 741 258.
845 691 882 730 6.
946 692 1000 730 In
1028 691 1200 741 pascuis
1232 691 1415 730 Scaniae
1472 693 1610 732 obvia.

372 777 557 815 Mine-et
607 771 720 809 Fam.
773 770 1082 810 *Praecedenti
1110 770 1245 807 nimis
1278 768 1439 809 affinis.
1474 772 1662 810 Diversa
1689 781 1841 813 tamen
1873 779 1936 817 vi-

203 834 348 877 detur,
411 831 525 869 Tota
563 829 705 877 nigra,
742 827 914 865 nitida:
968 825 1218 864 halteribus
1251 825 1375 867 albis.
1441 828 1529 867 Pili
1577 830 1756 869 verticis
1790 832 1940 872 thora-

205 891 354 939 cisque
386 887 559 925 adsunt.
623 883 760 923 Pedes
816 884 902 921 toti
935 883 1071 933 nigri,
1118 882 1456 932 parum-pilosi,
1508 886 1707 923 crassitie
1736 892 1939 929 omnium

204 947 429 984 femorum
459 938 745 990 subaequali3
796 946 840 977 at
869 939 1039 976 femora
1093 939 1260 988 postica
1292 939 1444 988 paullo
1475 939 1679 990 longiora
1707 952 1750 981 et
1787 946 1936 985 incur-

202 1009 316 1039 vata.
380 999 584 1039 Directi'o
615 1008 860 1034 nervorum
888 1002 938 1032 ut
970 995 1017 1032 in
1049 994 1099 1032 T.
1126 995 1412 1045 geniculata3
1463 999 1614 1035 nervis
1645 998 1933 1049 nigrioribus.

203 1058 336 1098 Basin
366 1055 542 1106 pedum'
572 1052 742 1090 luteam
774 1052 887 1089 vidit
935 1050 1002 1089 Cl.
1038 1051 1239 1101 Meigen,
1295 1063 1351 1089 an
1388 1052 1435 1088 in
1466 1053 1710 1091 individuis
1746 1060 1937 1099 exsicca-

202 1114 295 1153 tis?
337 1133 392 1142 -·
448 1109 614 1149 Differt
644 1120 668 1145 a
718 1107 768 1145 T.
806 1106 1084 1157 geniculata:
1132 1114 1303 1146 statura
1349 1110 1546 1158 corporis
1585 1109 1738 1160 paullo
1764 1111 1937 1154 brevio-

200 1172 259 1219 ri,
291 1167 444 1208 colore
477 1173 522 1203 et
551 1164 751 1203 crassitie
779 1163 1004 1200 femorum
1054 1169 1138 1200 etc.

371 1258 492 1297 Var.
552 1243 605 1302 β.
661 1253 830 1290 ventris
866 1250 960 1290 basi
1013 1253 1230 1302 tarsisque
1265 1251 1608 1295 lutescentibus.

168 1371 246 1419 '5.
296 1361 356 1407 T.
433 1355 770 1402 assimilis
819 1354 965 1415 nigra
999 1354 1161 1399 nitida
1196 1354 1412 1413 pedibus
1445 1355 1649 1413 pallidis
1687 1357 1935 1408 immacu·

381 1425 600 1479 culati83
649 1422 930 1468 femoribus
970 1422 1209 1468 omnibus
1259 1422 1658 1480 subaequalibUS.

364 1515 466 1553 Mas
503 1521 547 1551 et
587 1512 704 1553 Fam.
762 1512 809 1549 in
863 1509 994 1549 horto
1031 1510 1228 1561 Esperssd
1260 1511 1444 1549 Scan-iae
1474 1513 1617 1551 rarius
1650 1512 1787 1554 obvia.
1841 1516 1932 1556 Mi-

198 1577 310 1611 nuta
338 1577 382 1608 et
406 1569 457 1606 T.
493 1569 708 1607 annulata
737 1566 878 1617 duplo
901 1568 1063 1605 minor.
1130 1566 1267 1605 Pedes
1300 1567 1386 1604 toti
1418 1566 1596 1616 pallidi,
1634 1570 1783 1609 validi.
1853 1574 1931 1611 Fe-

198 1639 324 1666 mora
353 1625 520 1676 postica
550 1624 733 1674 reliquis
759 1622 911 1673 paullo
944 1623 1162 1673 longiora,
1221 1622 1502 1664 subincurva.
1568 1624 1675 1662 Alae
1719 1627 1931 1667 immacu-

199 1682 340 1722 latae:
374 1694 511 1719 nervo
543 1680 756 1719 auxiliari
781 1679 834 1717 ad.
863 1678 1073 1722 medium,
1121 1678 1402 1728 secundoque
1423 1679 1748 1730 longitudinali
1777 1685 1931 1734 paullo

198 1739 319 1778 infra
348 1737 547 1776 medium
576 1744 721 1775 costae
776 1735 998 1773 curvatim
1028 1733 1383 1788 excurrentibus.

199 1819 245 1864 6.
283 1819 340 1864 Τ.
407 1816 696 1875 pallipes
754 1815 900 1873 nigra
939 1811 1118 1868 nitida,
1172 1813 1387 1871 pedibus
1421 1814 1595 1863 flavis:
1650 1817 1930 1863 femoribus

345 1883 667 1929 intermediis
733 1880 1088 1938 crassissimis3
1161 1883 1309 1928 tarsis
1354 1882 1774 1943 immaculati&
1839 1887 1931 1931 alis

343 1952 581 2011 hyalinis.

250 2040 438 2080 Habitat
466 2041 514 2078 in
545 2039 659 2077 arvis
690 2036 902 2088 Esperod,
934 2036 1093 2076 rarior.
1144 2036 1178 2076 E
1209 2037 1466 2078 Smolandia
1498 2051 1522 2076 a
1554 2039 1605 2078 D.
1647 2039 1873 2090 Rogeman

983 2104 1126 2134 missa.

350 2164 461 2212 'Mas
492 2174 537 2207 et
586 2170 699 2207 FzM.
752 2170 922 2221 Corpus
953 2171 1158 2221 nigrum:
1209 2169 1428 2209 lateribus
1459 2172 1651 2221 pectoris
1684 2174 1838 2223 paullo
1864 2177 1925 2214 ci-

191 2225 636 2269 nereo-micantibus.
699 2226 836 2264 Pedes
870 2226 990 2274 flavi,
1030 2227 1169 2264 antici
1200 2234 1244 2263 et
1296 2227 1454 2276 postici
1485 2227 1805 2279 simplicior-<333
1860 2232 1924 2270 fe-

192 2297 319 2324 mora
381 2282 651 2321 intermedia
703 2282 955 2321 incrassata.
1018 2281 1128 2320 Alae
1170 2282 1555 2321 fusco-nervosae:
1608 2293 1725 2323 costa
1775 2289 1924 2326 antice

190 2349 257 2380 sat
300 2340 511 2379 distincte
543 2336 705 2376 ciliata.
771 2336 976 2376 Directio
1021 2350 1265 2376 nervorum
1310 2345 1360 2376 ut
1409 2339 1456 2376 in
1498 2338 1548 2376 T.
1581 2340 1813 2391 flavipede.
1850 2345 1923 2382 cui

188 2396 318 2436 valde
347 2395 492 2433 affinis
524 2401 567 2431 et
601 2392 653 2431 ab
684 2404 734 2430 ea
764 2392 837 2429 vix
867 2393 1116 2432 distincta?
1164 2394 1251 2431 nisi
1303 2393 1454 2432 colore.
1487 2397 1684 2444 corporis
1716 2398 1921 2446 nigriori,

187 2453 327 2505 magis
351 2450 512 2499 nitido,
545 2456 597 2488 ut
631 2456 675 2488 et
705 2449 834 2487 tarsis
874 2461 968 2488 non
999 2449 1395 2501 nigro-annulatis,
1433 2456 1478 2489 et
1510 2452 1740 2491 interdum
1772 2455 1922 2495 fuscis.

1789 2523 1826 2561 7.
1862 2510 1914 2553 Τ.
