2049 2911
1795 41 1916 115 »ω’

953 149 1063 177 ²²²
1756 157 1792 211 9

129 273 271 314 Pedes
304 272 447 325 nigri:
498 271 622 311 tibiis
654 275 812 312 anticis
847 274 1211 325 summ-ragineis.
1266 279 1371 318 Alae
1406 281 1616 320 similiter
1650 292 1781 334 atque
1816 289 1861 327 in

127 329 436 369 Anthrace
480 329 834 368 fenestrato
891 334 1215 382 nigro-pictam
1266 343 1309 372 at
1342 335 1448 375 haec
1482 340 1667 389 nigredo
1702 344 1774 380 vix
1796 344 1860 381 di-

126 387 314 433 midiam
344 386 439 423 alae
473 386 748 423 anteriorem
782 396 953 437 partem
987 389 1168 428 sinubus
1200 389 1421 439 obscurat,
1477 387 1663 435 maculis
1710 403 1858 450 paucis

125 440 387 493 hyalinatis,
422 442 560 492 striga
588 442 848 493 maculaque
868 445 1201 483 caerulescente
1224 448 1500 487 intermixta.
1543 453 1715 492 Puncta
1735 468 1859 505 prae-

125 506 249 536 terea
282 496 378 536 tria'
400 497 473 534 vel
505 497 591 536 duo
624 498 816 536 discreta
847 502 990 550 nigra,
1033 502 1080 538 in
1101 511 1228 551 parte
1259 507 1495 553 posteriori
1528 507 1761 559 hyalinata.
1786 513 1858 550 ad-

126 563 242 593 sunt.
304 553 545 593 Individua
596 555 771 592 minora
815 558 993 605 punctis
1041 559 1172 595 modo
1223 559 1390 599 duobus
1446 564 1668 611 gaudent3
1712 568 1758 605 in
1790 568 1858 607 his

120 622 297 661 ⁴quoque
329 609 580 647 individuis
612 611 797 662 nigredo
830 613 883 650 ad
913 612 1039 651 basin
1070 613 1164 652 alae
1197 614 1375 656 brevior
1407 609 1482 657 est.
1539 628 1543 631 “

124 741 171 789 6.
231 744 288 786 Α.
333 739 735 787 hotentotta
796 743 944 804 niger
1006 743 1438 804 fulvo-hirsutus3
1485 751 1574 795 alis
1609 750 1855 816 hyalinis':

277 818 417 852 costa
453 808 615 854 fusca.

302 918 429 957 Fabr.
463 917 585 955 Antl.
626 926 714 965 125.
752 929 817 967 51.
856 918 993 969 Meig.
1056 921 1179 973 Dipt.
1220 936 1253 962 1.
1291 936 1381 975 199.
1418 939 1452 964 1.
1498 927 1690 967 Musca
1720 932 1852 972 Linn.

122 974 206 1016 Fn.
244 982 361 1026 1287.
398 973 760 1013 Nemotelus
792 971 1011 1014 De‘Geer
1038 977 1125 1015 Ins.
1159 980 1196 1017 6.
1235 992 1323 1030 190.
1373 990 1402 1019 t.
1444 995 1503 1019 11.
1544 983 1571 1020 f.
1607 994 1641 1032 7.

289 1050 559 1099 Hospitatur
588 1063 679 1087 non
709 1051 921 1100 frequens
956 1053 1003 1090 in
1035 1054 1231 1093 floribus.
1308 1059 1375 1096 Ad
1406 1060 1595 1108 parietes
1629 1061 1676 1099 in
1707 1067 1855 1113 aprico

123 1108 238 1149 Solis
270 1106 503 1145 interdum
533 1107 813 1156 frequentior
844 1106 1010 1146 obvius.

308 1185 402 1223 Mu
451 1192 494 1222 et
535 1185 650 1229 Fam,
712 1184 840 1222 Inter
871 1193 1091 1224 nostrates
1125 1188 1321 1225 maxima
1349 1190 1527 1238 species.
1604 1188 1758 1229 Vni-iat
1789 1200 1851 1232 ta„

119 1252 226 1278 men
259 1241 533 1291 magnitudo.
599 1241 738 1278 Frons
770 1247 814 1278 et
845 1240 993 1279 nucha
1044 1242 1344 1293 fulvo—pilosa.
1426 1243 1608 1283 Thorax
1641 1254 1683 1282 et
1718 1248 1848 1288 abdo-

119 1308 225 1335 men
262 1295 452 1335 hirsutie
485 1296 745 1334 densissima
796 1296 963 1346 pallida
1012 1297 1323 1348 obtegunturf
1366 1304 1456 1339 ‘nec
1489 1301 1575 1340 nisi
1610 1301 1848 1344 fascicuius

119 1354 320 1403 geminus
352 1355 566 1403 utrinque
599 1353 652 1391 ad
682 1365 818 1390 anum
854 1365 876 1389 e
911 1353 1014 1403 pilis
1046 1356 1187 1404 nigris
1221 1356 1494 1394 observatur.
1575 1357 1760 1397 Alai-um
1782 1361 1852 1400 ba-

122 1410 176 1447 sis
209 1417 251 1446 et
283 1418 401 1448 costa
431 1410 627 1447 exterior
656 1408 809 1458 paullo
841 1407 1166 1451 brunnescunt.
1247 1413 1385 1460 Pedes
1417 1413 1538 1462 nigri
1571 1413 1846 1466 fulvo—squa-

119 1464 296 1504 mulosi.
361 1466 532 1515 Corpus
563 1464 715 1503 subtus
759 1463 1011 1511 obscurum,
1057 1466 1225 1516 pallide
1280 1467 1532 1507 hirsutum:
1589 1481 1673 1508 ano
1704 1474 1848 1523 nigro.

121 1520 277 1571 Margo
313 1520 486 1560 alarum
536 1522 733 1559 exterior
776 1522 923 1559 antice
960 1523 1295 1572 nigro-setosus.
1361 1527 1589 1564 Punctum
1618 1535 1724 1565 ante
1757 1530 1848 1569 alas

120 1589 143 1613 e
175 1576 415 1627 squamulis
445 1578 683 1628 argentei-s,
719 1585 972 1628 punctaque
1002 1578 1088 1617 duo
1121 1580 1170 1618 in
1200 1581 1338 1619 cauda
1385 1594 1407 1619 e
1439 1581 1542 1632 pilis
1576 1580 1688 1621 albis
1720 1597 1849 1638 saepe

119 1632 293 1681 adsunt,
332 1633 502 1685 saepius
532 1642 684 1672 autem
715 1633 926 1672 divulsae.

296 1731 417 1772 Var.
471 1715 530 1778 βο
575 1721 619 1776 07¹
666 1716 697 1771 ῼ
738 1730 886 1771 nucha
931 1733 1236 1780 albo-sericea,
1306 1736 1433 1774 dorso
1466 1735 1712 1778 abdominis
1744 1743 1849 1792 pilis

118 1787 364 1826 rarioribus
421 1789 599 1832 vestim,
656 1793 699 1824 et
756 1790 880 1839 quasi
924 1790 1057 1829 flavo·
1108 1804 1136 1829 s.
1167 1791 1569 1842 pallido—fasciato.
1639 1797 1845 1840 Anthr,

120 1843 464 1893 cingulatus
497 1843 634 1893 Meig.
670 1843 792 1894 Dipt.
830 1858 863 1882 1.
903 1857 992 1895 199.
1030 1860 1067 1885 2.
1098 1847 1411 1886 verisimiliter
1442 1861 1564 1886 mera
1597 1850 1645 1888 A.
1686 1850 1846 1894 hoten-

118 1906 259 1936 tottae
291 1900 480 1937 varietas
527 1900 677 1936 minor
727 1908 770 1938 et
821 1900 999 1939 detrita.
1066 1903 1292 1941 Hirsuties
1346 1904 1469 1941 enim
1509 1903 1640 1953 hujus
1668 1914 1846 1957 generis

116 1954 334 1992 facillime
366 1954 497 2004 perit.
559 1955 747 1994 Restant
781 1962 933 1993 tamen
962 1955 1044 1994 hac
1073 1959 1121 1996 in
1153 1960 1300 2008 specie
1343 1960 1574 1998 interdum
1605 1962 1780 2013 fasciae,
1821 1982 1845 2007 e
1880 1998 1887 2003 ,

115 2011 220 2061 pilis
250 2010 432 2060 pallidis
494 2009 765 2048 densissimis
813 2019 856 2048 et
888 2011 1118 2061 depressis,
1168 2026 1278 2064 quae
1310 2014 1357 2052 in
1389 2014 1481 2053 basi
1509 2028 1844 2067 segmentorum

115 2066 358 2105 collocatae
391 2073 510 2104 sunt.
574 2064 802 2112 Ejusmodi
833 2068 995 2105 fasciae
1027 2069 1075 2106 in
1107 2071 1323 2108 varietate
1363 2071 1524 2120 majori
1555 2081 1599 2111 et
1631 2073 1839 2119 hirsutis-

117 2123 240 2170 sima,
273 2123 423 2161 demta
456 2120 663 2168 hir-satie,
697 2122 886 2161 minime
924 2123 1267 2165 desiderantur.

294 2197 570 2238 Anthrax
619 2197 871 2238 Sabaeus
927 2200 1052 2239 Fabr.
1127 2203 1248 2241 Anti.
1307 2203 1396 2242 126.
1452 2204 1518 2254 56.
1579 2205 1841 2251 ”abdomine

116 2262 449 2305 segmentorum
478 2255 754 2305 marginibus
786 2255 959 2303 albidis,
1019 2257 1099 2296 alis
1133 2259 1243 2297 albis
1276 2257 1368 2298 basi
1401 2262 1617 2299 exteriori
1649 2265 1832 2315 nig1·is”,

114 2311 250 2360 Meig.
285 2311 407 2361 Dipt.
452 2316 491 2352 1,‘
518 2311 610 2349 206.
660 2323 721 2349 12.
756 2318 787 2348 t.
829 2324 889 2350 11.
930 2312 958 2349 f.
994 2324 1054 2351 11.
1097 2314 1177 2353 alis
1208 2316 1604 2364 l‘ongitudinaliter
1631 2319 1836 2363 dimidia-

114 2367 341 2417 to·nigriS,
376 2366 428 2405 ab
459 2367 507 2406 A.
545 2365 803 2405 hotentotta
833 2369 1000 2419 species
1028 2372 1212 2411 omnino
1244 2372 1416 2411 diversa
1435 2373 1630 2423 videtur,
1660 2377 1707 2416 in
1734 2381 1838 2420 Sve-

115 2423 179 2461 cia
207 2434 298 2462 non
327 2422 472 2462 adhue
501 2422 628 2463 nobis
684 2422 823 2463 obvia.

976 2534 1008 2581 b
1746 2551 1838 2595 LE·
