2082 2811
483 82 543 121 12

385 220 469 261 Str.
496 219 713 259 muscaria
743 216 870 257 Febr.
926 213 1050 254 Antl.
1084 212 1152 262 36,
1187 221 1252 264 51.
1287 214 1476 253 varietas
1507 213 1680 264 major?

385 300 501 338 Mas
547 304 591 333 et
623 297 767 334 Fem.
826 294 891 332 Ad
922 290 1172 342 Larketorp
1225 291 1556 342 Ostrogothiae,
1604 284 1779 329 mense¹
1804 289 1940 338 Iulio,

211 354 382 407 pluries
414 354 531 391 lecta
561 363 585 388 a
616 352 668 391 D.
706 348 993 389 Zetterstedt.
1047 349 1246 394 Minuta,
1282 348 1520 387 Nemotelo
1552 347 1777 397 uliginoso
1811 347 1949 397 duplo

213 412 376 452 minor,
438 409 606 456 Corpus
637 406 818 455 nigrum
866 404 1087 452 nitidum,
1130 402 1313 441 thorace
1344 404 1419 441 vix
1453 401 1736 453 pubescente.
1774 404 1949 440 Anten-

213 477 299 504 nae
330 465 500 513 nigrae,
534 468 627 499 seta
658 460 866 510 capillari
919 461 1202 497 terminatae.
1265 458 1403 496 Frons
1433 457 1596 505 brevis,
1629 457 1939 501 albo-micans.v

215 519 349 558 Oculi
381 516 627 562 rotundati,
660 517 838 554 exserti.
901 515 1072 553 vertex
1104 515 1154 551 in
1180 513 1349 551 femina
1390 512 1558 564 glaber,
1607 512 1770 558 luteus,
1827 512 1951 551 linea.

213 575 362 615 media
404 575 561 624 nigra3
608 579 652 609 at
683 573 865 622 regione
895 582 1010 620 pone
1064 568 1214 608 oculos
1248 569 1382 606 lutea.
1449 567 1632 606 Thorax
1677 569 1821 618 niger,
1857 581 1949 606 ma-

215 632 279 681 gis
314 642 487 680 opacus,
521 627 642 665 linea
672 628 721 666 in
754 635 946 675 utroque
990 638 1097 663 sexu
1143 623 1323 663 laterali
1355 623 1468 669 alba,
1505 635 1615 673 quae
1669 625 1717 661 in
1748 622 1949 661 humeris

214 689 265 725 in
297 685 521 735 spinulam
551 682 681 720 abit?
720 705 766 713 --
825 679 1078 721 Scutellum
1109 681 1234 728 apice
1278 679 1538 728 maculaque
1570 679 1623 716 ad
1655 679 1744 716 alas
1778 678 1944 717 album.

216 741 450 780 Abdomen
480 739 674 788 nigrum,
701 736 913 781 nitidum,
953 737 1007 773 ad
1034 736 1157 773 basin
1189 734 1545 779 immaculatum,
1584 746 1685 771 mox
1713 743 1864 773 autem
1900 736 1950 772 in

216 797 422 845 margine
451 795 655 832 tenuiter
700 793 865 831 album.
927 791 1049 830 Haec
1082 798 1231 827 autem
1264 788 1420 826 albedo
1456 789 1624 829 format
1653 791 1848 828 maculas
1879 788 1948 826 bi-

215 865 294 891 nas
325 849 532 888 laterales
566 856 611 887 et
643 861 778 890 anum
808 847 968 895 cingit.
1021 847 1193 883 Venter
1225 844 1386 894 niger?
1452 845 1591 883 Pedes
1621 845 1770 893 nigri:
1807 857 1946 896 genu·-

217 908 297 946 bus
330 906 468 950 albis3
512 912 556 942 at
587 905 635 942 in
667 904 834 942 femina
865 902 997 950 pedes
1028 901 1372 952 albo—nigroque
1410 899 1626 950 vat-iegati
1656 908 1774 938 sunt.
1836 900 1947 944 Alae

216 962 466 1015 hyalinaet
507 957 764 1000 'halteribus
814 957 941 996 albis.

388 1041 428 1079 N
447 1051 470 1076 o
484 1045 514 1076 t.
585 1036 652 1076 Ob
683 1029 1044 1086 magnitudinem
1091 1045 1274 1088 parvam
1307 1032 1621 1084 defectumque
1649 1031 1867 1071 albedinis
1899 1033 1950 1070 in

215 1097 310 1136 basi
341 1094 588 1137 abdominis
619 1092 736 1134 hanc
768 1104 859 1130 esse
890 1091 916 1130 S
933 1098 1001 1129 tr·
1053 1089 1143 1128 leo
1161 1091 1361 1129 ninam
1411 1091 1543 1129 Pam.
1594 1089 1676 1129 Fn.
1712 1095 1776 1137 58.
1810 1095 1843 1125 t.
1877 1086 1947 1130 212

219 1155 299 1193 vix
346 1149 580 1193 credimus.

616 1225 667 1256 *ss
726 1222 1071 1267 Scutellum
1112 1223 1549 1274 sexspinosum.

217 1339 306 1387 10.
359 1333 404 1378 S.
478 1328 787 1388 clavipes,
845 1325 1004 1388 nigra,
1041 1325 1304 1389 abdomine
1333 1325 1641 1386 pedibusque
1669 1325 1817 1371 rufis:
1854 1327 1949 1382 tar?

365 1400 423 1445 fis
461 1397 647 1456 alisque
698 1395 931 1439 obscuris.

386 1485 515 1525 Fabr.
555 1482 676 1522 Antl.
711 1481 778 1525 86.
820 1490 885 1532 35.
929 1481 1032 1520 Ent.
1075 1487 1180 1532 syst.
1231 1490 1271 1530 4.
1312 1481 1406 1524 268.
1439 1489 1506 1528 24.
1561 1462 1689 1522 Pani.
1723 1480 1802 1520 Fn.
1836 1492 1877 1529 9.
1909 1479 1941 1520 t.

221 1553 289 1593 19.
331 1543 491 1582 Actina
521 1540 656 1588 Meig.
681 1537 803 1586 Dipt.
843 1548 932 1586 117.
969 1550 1007 1578 2.
1038 1537 1194 1576 Musca
1226 1537 1360 1598 Llinn.
1386 1543 1488 1586 syst.
1525 1547 1563 1574 2.
1603 1543 1696 1585 981.
1734 1549 1795 1578 12.
1830 1537 1940 1576 Mas.

221 1597 454 1657 Schranck
499 1595 589 1634 Ins.
624 1595 772 1635 Austr,
806 1598 902 1641 894,

391 1676 513 1715 Mas
566 1678 629 1708 et.
663 1668 810 1707 Fem.
864 1667 920 1704 In
966 1667 1102 1716 pratis
1135 1667 1319 1707 Scaniae
1369 1669 1512 1705 rarius
1571 1667 1710 1706 obvia.
1771 1668 1950 1707 Marem

221 1736 272 1776 in
303 1727 590 1780 ostrogothia
622 1736 774 1762 mense
825 1723 959 1761 Junio
1009 1723 1128 1772 cepit
1179 1723 1230 1760 D.
1265 1722 1551 1760 Zetterstedt.
1584 1724 1718 1762 Str-at.
1753 1723 1950 1767 viridula.

219 1791 320 1829 fere
350 1787 515 1832 minor,
548 1780 731 1820 thorace
779 1778 1045 1828 angustiori,
1080 1777 1316 1816 abdomine
1356 1780 1494 1828 magis
1526 1779 1741 1828 depresso.
1778 1781 1948 1816 Anten-

219 1857 304 1885 nae
336 1843 596 1891 elongatae:
648 1833 841 1874 articulo
893 1832 1057 1871 ultimo
1110 1830 1384 1882 longissimo,
1435 1833 1767 1876 subarticulato.
1803 1834 1949 1884 Caput

218 1907 370 1941 totum
412 1904 457 1934 et
485 1893 646 1933 thorax
688 1891 816 1940 nigra
861 1888 1020 1929 nitida.
1073 1899 1233 1936 parum
1268 1888 1568 1936 pubescentia.
1632 1889 1763 1928 Oculi
1813 1890 1949 1927 maris

217 1953 402 1997 hirsuti,
433 1957 554 1995 arete
584 1945 902 1989 cohaerentes3
928 1943 1122 1982 feminae
1153 1943 1277 1989 nudi,
1314 1943 1542 1984 distantes.
1604 1944 1835 1984 Abdomen
1871 1949 1948 1982 ru'·

218 2013 334 2058 sum,
383 2003 739 2049 immaculatum‚
773 1999 937 2037 leviter
983 2006 1298 2041 tomentosum.
1362 2000 1500 2038 Pedes
1550 2001 1649 2039 rufi.
1718 1999 1846 2038 Tarsi
1875 2001 1947 2037 ni-

219 2066 317 2117 gri:
369 2067 610 2101 metatarso
639 2057 812 2107 postico
843 2054 975 2092 maris
1008 2053 1221 2092 distincte
1259 2055 1514 2102 incrassato,
1548 2057 1744 2094 feminae
1771 2055 1944 2104 simpli·

221 2123 278 2162 ci.
339 2118 447 2157 Alae
475 2115 548 2152 vel
577 2114 867 2164 nigricantes,
902 2109 973 2153 vel
1003 2107 1321 2159 pallescentes:
1374 2119 1491 2154 costa
1534 2112 1581 2149 in
1618 2109 1765 2150 medio
1795 2110 1938 2161 nigra.

219 2173 435 2218 Halteres
473 2170 594 2212 flavi.

220 2274 466 2328 SARGVS
517 2272 592 2320 Os
639 2271 921 2325 remedium,
965 2267 1174 2316 minime
1236 2267 1536 2331 prominens.
1609 2271 1947 2316 Antennae

367 2343 573 2386 brevest
612 2337 750 2396 apice
777 2335 1066 2391 rotundatae‚
1108 2335 1341 2396 setigerae.
1385 2336 1627 2395 Corpus
1663 2337 1949 2397 planiuscug

362 2410 494 2466 lum,
540 2404 746 2454 scutelle
793 2403 989 2464 inermi,
1024 2414 1228 2466 squama
1252 2401 1341 2448 sub
1375 2402 1464 2449 alis
1495 2403 1573 2452 vix
1612 2404 1727 2451 ulla.

993 2485 997 2488 ’
1807 2470 1843 2511 C
1862 2484 1886 2511 ο
1900 2471 1947 2508 1·-·”
