2031 2880
397 183 466 238 16

266 325 378 367 ,Μαι
438 328 625 369 Unicum
655 327 791 367 solum
825 327 1095 367 individuum
1131 329 1171 367 in
1205 329 1355 369 scania
1399 336 1597 383 captum,
1631 334 1683 372 ad
1716 335 1855 388 speci..

128 401 195 428 em
225 383 445 436 propriam
481 380 529 422 &
559 385 614 422 ab
646 384 996 423 antecedentibus
1029 385 1239 423 diversam
1271 384 1561 424 verisimiliter
1589 391 1776 440 pertinet
1803 413 1857 421 —-
1876 393 1883 400 '

129 438 380 495 Magnitudo
424 438 468 480 D
509 440 643 489 nitidi,
675 452 698 475 a
734 453 819 491 qua
856 438 997 476 differt
1030 439 1171 477 colore
1215 437 1258 478 &
1290 441 1447 493 pedum
1483 436 1526 478 &
1567 457 1856 495 squamarum.

128 500 315 551 Clypeus
334 493 544 534 albicans:
578 494 736 533 vertice
769 493 909 531 viridi.
970 493 1143 532 Thorax
1172 496 1507 542 aureo-viridis;
1537 497 1748 536 abdomen
1765 514 1859 538 ma-

129 555 190 607 gis
221 561 437 590 aenescens.
503 551 708 589 Antennae
741 549 896 599 nigrae,
941 548 1103 586 breves.
1170 551 1302 589 Pedes
1344 551 1479 601 nigri:
1519 553 1634 591 tibiis
1673 552 1856 606 pallidis,

128 607 252 647 valde
285 604 525 656 spinulosis.
587 604 706 657 Apex
746 603 952 641 tibiarum
1000 604 1259 656 posticarum
1301 601 1345 644 &
1388 607 1490 644 tarsi
1541 609 1693 660 postici
1736 610 1862 661 nigri.

129 665 326 715 Squamae
361 661 490 698 maris
534 658 677 698 anales
710 660 850 709 nigrae,
882 660 1073 710 margine
1104 661 1240 709 alhae,
1276 661 1343 699 vix
1375 659 1545 708 ciliatae,
1585 669 1729 703 notam
1759 677 1864 703 con-

131 719 271 757 stituit
304 715 577 765 singularem,
611 715 654 751 in
690 712 871 765 1·eliq'uis
901 715 1057 754 nostris
1090 717 1312 768 speciebus
1344 729 1427 754 non
1460 717 1743 757 observatam.
1787 719 1863 757 Di-

132 772 266 812 rectio
296 782 530 809 nervorum
564 771 607 809 in
643 768 720 807 alis
754 767 898 807 eadem
929 784 977 809 ac
1008 770 1157 808 similis
1185 777 1314 823 atque
1347 773 1388 809 in
1424 770 1478 811 D.
1509 773 1722 824 ungulato,
1762 787 1866 812 ner-

131 842 185 866 vo
210 825 369 866 scilicet
406 832 561 877 quarto
595 823 853 876 geniculato,
882 832 981 863 ante
1015 827 1176 877 apicem
1209 833 1475 864 excurrente.
1507 850 1559 858 -
1606 830 1641 866 A
1669 825 1873 871 Dolicho-

125 895 182 937 ρο
207 881 450 935 ρίαηὶΐανςὶ,
486 881 555 918 cui
586 879 709 918 valde
740 878 888 918 similis
918 880 1086 920 differt:
1120 882 1243 919 tarsis
1279 882 1427 919 anticis
1472 882 1749 935 simplicibus,
1788 898 1867 922 an-

131 938 270 976 tennis
301 935 587 984 brevioribus,
618 934 760 973 colore
789 934 996 975 tibiarum
1027 938 1286 988 posticarum
1322 931 1366 974 ἀ
1400 950 1585 989 squamae
1612 938 1792 979 diverso.

271 1008 379 1050 Fem.

272 1084 370 1126 Not.
405 1083 460 1126 D.
493 1082 781 1138 chrysozygus
814 1083 1026 1124 VViedem.
1060 1083 1177 1124 Zool.
1209 1083 1336 1125 Arcli.
1374 1087 1404 1125 Ι.
1432 1086 1462 1124 I.
1498 1101 1561 1138 7¹·
1602 1085 1662 1126 16.
1713 1087 1867 1126 “viridi

135 1154 335 1197 „aureus,
353 1141 547 1178 antennis
583 1140 709 1179 luteis
741 1142 860 1192 apice
892 1141 1049 1190 nigris3
1081 1141 1260 1194 pedibus
1306 1141 1444 1191 luteis,
1460 1142 1572 1180 tibiis
1607 1143 1777 1194 posticis
1810 1143 1871 1181 di-

139 1196 384 1251 „midiato-,
416 1194 649 1233 semoribus
683 1196 854 1247 posticis
887 1196 1006 1247 apice
1038 1198 1202 1248 nigrisg,
1235 1195 1533 1249 hyposiomate
1578 1211 1722 1245 aureo,
1749 1200 1872 1238 tarsis

136 1252 315 1304 „anticis
345 1249 702 1297 albo-annulatis,
745 1261 871 1297 wm57·
908 1251 1207 1303 liypostomate
1242 1252 1469 1301 albicante,
1502 1252 1624 1290 tarsis
1654 1251 1768 1290 haud
1794 1267 1874 1290 an-

136 1303 461 1359 „11ulatis,fen1.
510 1305 674 1355 Longit.
714 1305 787 1343 lin.
827 1320 849 1343 2
878 1330 958 1353 --„
998 1308 1050 1345 ad
1081 1306 1191 1344 lianc
1221 1306 1468 1344 divisionem
1504 1307 1740 1345 referimus.
1801 1309 1874 1347 Et-

138 1362 250 1401 enim
283 1371 458 1412 squama
490 1361 616 1396 maris
653 1359 859 1410 obscura,
890 1366 1011 1400 extus
1045 1360 1340 1412 nigro—ciliata
1385 1376 1413 1398 s.
1450 1362 1637 1400 dentata.
1701 1364 1873 1402 Nervus

139 1417 230 1464 ord,
263 1422 421 1453 transv.
456 1415 497 1452 in
525 1413 663 1452 medio
700 1415 773 1453 alae
807 1418 924 1455 situs.
994 1418 1157 1456 Nervus
1197 1423 1377 1466 quartus
1410 1429 1562 1468 parum
1603 1414 1761 1467 flexus,
1800 1433 1875 1458 nec

140 1472 337 1510 distincte
367 1469 635 1520 geniculatus
669 1469 817 1522 paullo
854 1480 952 1511 ante
996 1472 1157 1524 apicem
1194 1469 1268 1507 alae
1304 1473 1493 1509 excurrit
1542 1494 1580 1499 ——
1628 1472 1875 1525 Utrumque

141 1540 285 1565 sexum
328 1523 548 1564 nobiscum
595 1523 801 1564 benevole
844 1526 1173 1565 communicavit
1217 1525 1302 1564 Cel.
1343 1526 1394 1564 D.
1426 1526 1706 1567 Wuznmms.
1767 1528 1875 1582 Spe-

143 1584 225 1619 cies
259 1587 401 1619 tamen
441 1579 556 1632 apud
588 1593 662 1618 nos
695 1582 882 1621 nonduin
916 1582 1037 1622 lecta.

145 1697 350 1741 Divisio
391 1707 434 1750 3.
512 1694 706 1755 Sqnmuoe
743 1698 921 1740 mmmm
967 1697 1112 1743 nutiles
1147 1700 1222 1743 vix
1257 1697 1372 1741 ullae.

146 1782 278 1832 (Anus
310 1783 493 1819 marium
526 1781 715 1821 breviter
758 1782 962 1832 inflexus,
1018 1782 1272 1836 plerumque
1317 1782 1466 1822 filatim
1506 1785 1875 1836 appendiculatus.

264 1838 427 1876 Nervus
466 1842 736 1878 transversus
767 1840 904 1877 ordin.
936 1841 977 1876 in
1008 1838 1148 1877 medio
1176 1837 1252 1877 alae
1290 1839 1439 1890 saepius
1469 1840 1602 1891 situs).

751 1925 777 1953 *
855 1921 1017 1980 Species
1073 1921 1267 1982 majores.

149 2001 414 2053 <Elongataez
460 2001 689 2043 abdomine
731 2005 917 2043 niarium
960 2001 1216 2057 plerumque
1264 2001 1540 2042 albo-sericeo
1579 2004 1788 2055 micante,
1830 2001 1877 2044 ὅ(

266 2055 519 2095 maculatim
553 2058 795 2112 diaphano).

156 2153 230 2197 19.
312 2137 374 2182 D.
411 2136 656 2198 diaplmnns
706 2138 1041 2184 aeneo-viridis
1088 2140 1290 2195 peaore
1335 2138 1721 2198 albo-micante3
1772 2155 1879 2200 seg-

273 2205 462 2248 mentis
500 2207 550 2250 in
594 2222 733 2250 mare
772 2209 1059 2264 plerisque,
1101 2208 1151 2249 in
1201 2207 1391 2251 femina
1440 2209 1664 2254 secundo
1709 2209 1879 2253 lateri-

282 2273 374 2315 bus
414 2272 864 2338 ssavo—diaphanis;
903 2275 1064 2319 oculis
1104 2275 1156 2318 in
1196 2276 1387 2319 vertice
1426 2276 1694 2336 utriusque
1731 2291 1879 2322 sexus

283 2340 601 2388 distantibus.

299 2421 551 2476 Dolichopus
581 2424 814 2479 diapltanus
848 2426 977 2464 Fabr.
1009 2425 1126 2468 Anti.
1164 2440 1255 2478 270.
1294 2427 1353 2467 18.
1382 2425 1480 2466 Eut.
1512 2426 1664 2481 Suppl.
1694 2427 1882 2478 564‚126

158 2477 446 2516 verisimiliter
474 2479 601 2533 hujus
631 2489 692 2520 est
721 2482 886 2535 speciei.

307 2550 409 2591 Mas
439 2546 483 2588 &
515 2550 621 2593 Fpm.
689 2554 752 2592 Ad
785 2557 968 2606 parietes
999 2555 1280 2605 molinarum,
1312 2550 1356 2593 ἃ
1391 2557 1431 2594 in
1463 2555 1720 2608 foliis-*juxta
1750 2570 1882 2608 aquae

159 2606 393 2660 hospitam,
431 2606 486 2647 D.
519 2609 722 2660 ungulato
755 2612 823 2649 vix
863 2614 1003 2650 minor
1034 2633 1088 2642 —
1126 2612 1265 2664 Caput
1312 2611 1653 2664 seniiglobosum.
1718 2611 1882 2651 Anten-
