2036 2890
419 139 495 199 62

155 286 266 326 milis
303 285 366 326 M.
396 279 616 335 dentipedi.
666 278 853 332 Clypeus
884 279 1088 333 albicans,
1121 283 1190 322 vix
1221 283 1492 324 descendens.
1538 284 1676 339 Stipes
1713 290 1876 343 probo-

159 342 281 381 scidis
310 339 517 390 elongata‚
549 340 770 388 porrecta:
808 336 997 388 capitulo
1034 337 1228 391 simplici,
1277 339 1450 378 hamum
1482 338 1715 392 formante,
1755 342 1800 384 ὅ(
1835 349 1877 386 in

159 395 363 446 angulum
395 399 557 431 rectum
588 396 772 429 extenso.
833 390 960 429 Oculi
992 395 1144 443 magni,
1184 395 1302 444 nudi,
1343 394 1521 433 obscure
1557 394 1802 449 ferruginei,
1834 403 1878 439 in

159 463 275 488 mare
301 447 600 501 approximati,
630 457 716 483 non
747 446 1036 486 cohaerentes:
1065 447 1176 488 linea
1206 450 1326 502 nigra
1355 447 1712 501 albo-marginata
1745 456 1882 493 verti-

162 504 232 542 cis.
297 503 433 541 Frons
460 499 609 553 paullo
640 507 850 552 porrecta.
910 502 1114 542 Antennae
1147 503 1296 543 breves
1331 504 1484 555 nigrae:
1512 505 1696 544 articulo
1731 506 1885 548 ultimo

160 559 279 609 apice
311 555 555 596 rotundato.
621 557 719 595 Seta
755 556 993 605 mediocris,
1024 559 1064 596 in
1099 557 1232 598 latei-e
1264 572 1421 612 supero
1452 558 1601 612 paullo
1630 561 1883 612 pubescens.

160 611 332 650 Thorax
363 613 494 663 niger.
554 611 777 651 Abdomcn
820 612 1018 664 nigrum,
1074 614 1342 666 inaequaliter
1372 615 1697 665 griseo-micans
1718 645 1728 665 ‚
1761 615 1885 670 longe

160 666 421 706 setulosum:
468 667 693 719 segmentis
735 679 900 705 summo
948 671 1067 722 apice
1115 668 1281 708 albidis.
1350 669 1482 708 Pedes
1516 671 1625 721 nigri
1661 670 1887 724 simplices.

161 719 250 760 Alae
283 720 479 775 hyalinae‚
515 723 569 761 ad
599 721 718 760 basin
757 723 798 760 in
831 736 946 761 mare
981 724 1218 774 infuscatae,
1268 718 1315 762 &
1347 722 1711 765 luteo-nervosae:
1754 739 1884 766 nervo

161 782 319 815 transv.
355 777 445 816 ord.
481 777 695 826 subrecto,
726 790 903 831 squama
933 776 1181 818 latescente.

165 897 245 947 58.
314 891 386 936 M.
422 894 607 937 irritans
639 902 812 945 ovata,
854 893 1063 937 thorace
1113 893 1267 939 maris
1318 893 1464 954 nigro
1507 892 1780 939 abdomine
1825 896 1885 941 ci-

310 973 467 1005 nereo
510 962 761 1013 micante,
805 961 1088 1008 femoribus
1134 962 1315 1007 enticis
1359 962 1503 1019 apice
1558 961 1884 1015 unidentatis‚

311 1027 450 1072 tibiis
493 1028 701 1085 posticis
738 1030 1006 1084 incurvi83
1059 1044 1272 1090 corpore
1313 1031 1521 1075 feminae
1557 1030 1762 1076 cinereo
1795 1032 1886 1076 im·

314 1096 849 1156 mmmmm-pedibus
883 1098 1237 1159 simplicibus5
1283 1101 1471 1158 puncto
1515 1099 1659 1154 juxta
1709 1110 1884 1145 anten-

311 1178 400 1211 nas
435 1164 704 1212 albicante.

315 1249 418 1290 Mas
449 1247 496 1290 &
531 1250 636 1292 Fem.
699 1252 874 1291 Habitat
922 1253 1085 1306 ubique
1128 1253 1484 1305 frequentissima.
1547 1252 1684 1291 Mares
1729 1249 1776 1291 &
1821 1253 1885 1292 se-

165 1303 288 1342 minae
331 1305 373 1342 in
418 1305 595 1345 floribus
647 1321 787 1346 meuse.
835 1309 1030 1359 Augusto
1071 1309 1343 1347 conveniunt.
1411 1308 1594 1345 Femina:
1639 1315 1801 1357 autem,
1843 1310 1885 1346 in

163 1357 283 1396 silvis
316 1357 437 1408 longe
468 1361 838 1413 frequentissimae,
873 1364 1113 1402 viatoribus
1141 1363 1266 1402 valdo
1299 1361 1483 1400 molestae
1507 1385 1561 1392 —-
1593 1362 1654 1401 JW.
1668 1362 1890 1403 domestica

165 1413 313 1465 paullo
348 1416 497 1455 minor.
559 1418 699 1470 Caput
734 1430 999 1456 convexum:
1029 1418 1181 1472 clypeo
1215 1416 1438 1455 albicante.
1500 1416 1625 1456 Oculi
1660 1421 1813 1469 magni,
1847 1419 1889 1455 in

167 1470 327 1507 vertice
358 1472 486 1509 maris
522 1471 792 1520 cohaerentes,
826 1473 867 1509 in
895 1472 1051 1511 semina
1078 1475 1305 1512 distantes:
1342 1478 1502 1523 puncto
1530 1473 1572 1510 in
1603 1479 1788 1524 utroque
1821 1485 1889 1511 se.-

168 1534 223 1561 xu
255 1523 307 1562 ad
341 1532 505 1563 cei-tum
551 1526 692 1565 lumen
736 1530 789 1568 ad
833 1526 950 1566 basin
989 1536 1270 1567 antennarum
1303 1525 1623 1565 albo-micante.
1685 1528 1889 1565 Antennae

165 1579 308 1629 nigrae,
341 1580 602 1620 mediocres:
637 1588 722 1621 seta
759 1581 1016 1636 pubescente
1048 1599 1077 1621 s.
1111 1582 1262 1620 leviter
1294 1579 1582 1632 subplumata.
1647 1579 1815 1620 Thorax
1848 1583 1890 1619 in

165 1645 283 1670 marc
314 1634 456 1684 niger,
496 1637 563 1674 vix
605 1638 798 1677 lineatus.
870 1636 1091 1676 Abdomen
1136 1636 1516 1684 cinereo—micans,
1555 1635 1890 1675 immaculatum.

163 1687 328 1739 Corpus
354 1688 518 1728 feminee
546 1695 775 1741 cinereum,
818 1692 1165 1731 immaculatum:
1200 1690 1337 1744 pall-iis
1368 1693 1543 1740 magnis,
1577 1699 1695 1730 extra
1720 1705 1764 1729 os
1793 1706 1892 1744 por-

166 1743 304 1781 rectis,
365 1745 496 1785 Pedes
524 1749 651 1799 nigri.
718 1748 898 1786 chora
947 1750 1074 1785 mai-is
1111 1750 1249 1785 antica
1290 1745 1442 1783 subtus
1483 1747 1601 1798 apice
1631 1745 1892 1793 uuidentata‚

164 1796 281 1834 tibiae
321 1798 374 1837 ad
404 1804 690 1855 receptionem
718 1802 855 1840 dentis
906 1801 1116 1841 femorum
1158 1804 1346 1840 sinuatae.
1401 1798 1531 1839 Pedes
1578 1803 1705 1839 maris
1740 1802 1891 1853 postici

165 1857 337 1892 tenues:
373 1856 490 1894 tibiis
522 1858 720 1896 ‹listIncte
758 1858 960 1895 incurvis.
1016 1856 1147 1896 Pedes
1183 1857 1347 1895 feminae
1381 1855 1607 1907 simplices.
1669 1855 1755 1894 Alae
1787 1855 1890 1908 hya-

166 1905 273 1955 linae,
304 1908 357 1947 ad
387 1911 507 1950 basin
541 1912 888 1952 ssavo-nervosae:
940 1926 1071 1951 nervo
1121 1919 1278 1951 transv.
1326 1910 1416 1949 ord.
1456 1911 1676 1960 subrecto,
1715 1924 1891 1964 squama

164 1962 323 2016 pallide
353 1963 615 2006 flavescente.

305 2043 403 2083 Not.
463 2045 631 2103 Species
661 2045 729 2083 vix
748 2044 909 2084 dubia?
941 2045 982 2083 in
1009 2043 1162 2096 copula
1191 2053 1332 2086 tamen
1358 2058 1442 2083 non
1470 2042 1708 2087 observata.
1746 2042 1890 2081 Femi-

170 2109 223 2136 na
256 2098 377 2139 valde
415 2100 562 2140 similis
592 2100 756 2140 seminae
802 2099 863 2140 M.
898 2102 1150 2144 meteorz'cae;
1181 2100 1445 2153 dignoscitur
1484 2103 1626 2135 autem
1669 2098 1889 2150 inprimis:

169 2160 330 2202 puncto
363 2155 416 2194 ad
446 2162 649 2195 antennas
687 2153 912 2203 albicante,
944 2169 1127 2209 superne
1159 2157 1360 2209 inspecto.

175 2277 252 2325 59.
323 2269 383 2312 M
415 2279 563 2315 notata
597 2279 741 2314 ovata
781 2269 964 2328 grisea,
996 2268 1219 2314 thoracis
1250 2270 1556 2326 punctorum
1594 2263 1790 2311 duobus
1813 2265 1890 2310 ab·

322 2335 646 2395 dominisque
681 2337 846 2380 tribus
894 2336 1099 2394 paribus
1141 2335 1553 2395 brunnen-nigris

319 2421 420 2461 Mas
453 2418 499 2461 &
533 2422 639 2464 Fem.
708 2424 961 2475 Hospitatur
1006 2425 1049 2461 in
1091 2422 1248 2477 plantis
1280 2422 1483 2461 silvaticis
1527 2422 1719 2475 Espcro'd
1751 2434 1890 2460 mense

173 2475 286 2528 Maio
318 2472 363 2514 &
396 2477 535 2518 Junio.
595 2477 744 2519 Musca
771 2477 947 2532 pluviali
988 2492 1070 2516 non
1107 2476 1264 2529 major,
1294 2478 1418 2530 eique
1450 2476 1693 2516 subsimilis.
1756 2477 1889 2513 Frons

170 2544 372 2580 convexa,
409 2532 560 2586 clypeo
588 2533 814 2584 albicante,
857 2533 1148 2576 descendente.
1205 2531 1333 2570 Oculi
1370 2535 1410 2571 in
1446 2546 1562 2570 marc
1601 2530 1887 2574 conniventes,

168 2587 211 2627 in
242 2586 400 2628 femina
429 2587 656 2629 distantes:
698 2589 929 2628 interstitio
974 2586 1167 2627 verticali
1207 2586 1291 2626 late
1333 2589 1479 2640 nigro:
1523 2592 1682 2640 puncto
1724 2585 1886 2638 postico
