2049 2911
1510 119 1606 175 53.

101 245 214 289 suti3
263 256 289 294 p
308 258 331 283 o
349 257 364 282 s
381 251 398 280 t
419 243 496 280 ici
543 242 816 293 longissimi:
875 242 1116 282 femoribus
1158 246 1309 283 crassis
1334 243 1568 283 abdomine
1593 246 1685 284 fere
1710 246 1808 287 lon-

97 300 307 352 gioribus.
369 299 610 347 Squama
661 298 737 336 sub
786 298 866 335 alis
908 312 1053 349 parva,
1095 300 1259 338 ciliata.
1322 301 1460 339 Alar
1477 315 1562 339 um
1605 305 1806 353 margi-

97 369 195 395 nes
252 355 463 392 distincte
509 354 661 391 ciliati.
727 353 794 392 Ab
815 367 915 392 area
939 355 1169 393 discoidali
1198 357 1284 393 duo
1310 363 1488 394 tantum
1516 366 1680 395 exeunt
1704 371 1805 396 ner-

100 414 141 450 vi
173 412 224 449 ad
255 411 504 459 marginem
552 411 831 455 interiorem,
866 422 1053 459 quorum
1083 413 1281 450 anterior
1326 422 1533 461 quartum
1563 413 1814 463 longitudi-,

95 466 248 505 nalem
280 466 558 503 constituens
612 477 711 502 cum
743 477 882 503 nervo
913 467 1068 504 costali
1095 479 1209 518 pone
1243 468 1414 517 apicem
1458 468 1554 505 alae
1582 473 1809 510 connecti-

94 526 183 562 tur.

299 575 342 613 H
357 587 380 612 ο
395 588 411 612 s
425 575 478 624 pi
498 576 642 613 tium
684 574 761 613 Im
777 587 799 612 a
813 574 865 626 g'i
881 588 911 613 n
926 588 955 613 u
968 588 1013 613 m
1061 577 1110 613 in
1152 579 1354 627 gramine
1388 572 1634 627 pratorum.

95 711 138 746 1.
212 699 274 744 H.
333 696 645 741 funebris
695 696 844 757 niger
878 697 1095 756 pedibus
1132 698 1520 759 concoloribus3
1572 703 1662 748 alis
1694 704 1810 749 sub-

239 764 483 808 obscuris.

266 871 391 910 Fabr.
430 873 550 911 Antl.
589 882 676 922 145.
714 885 748 911 1.
785 874 919 923 Meig.
953 874 1078 923 Dipt.
1116 886 1152 915 1.
1187 885 1279 922 240.
1333 887 1369 914 1.
1404 875 1490 913 tab.
1532 889 1591 916 12.
1638 877 1709 928 fig.
1743 892 1804 918 ιι.

90 927 264 978 (Empis
292 927 484 977 clavipes
507 928 636 966 Fabr.
671 928 794 969 Antl.
830 937 874 967 et
905 929 1008 970 Ent.
1036 937 1138 979 syst.
1164 940 1201 977 4.
1227 942 1321 980 405.
1353 942 1379 979 4
1438 933 1703 982 Dasypogon
1732 948 1806 973 cu-

87 982 313 1021 liciforine
346 983 469 1020 Febr.
504 983 625 1022 Antl.
677 984 825 1023 Asilus
856 985 958 1024 Ent.
994 992 1097 1035 syst.
1128 997 1165 1034 4.
1201 991 1293 1035 389.
1328 986 1443 1038 61?)
1504 989 1659 1027 Musca
1687 1002 1805 1041 gros-

86 1040 198 1088 sipes
229 1039 360 1077 Linn.
397 1041 511 1089 Syst.
559 1040 659 1077 Nat.

344 1114 532 1153 Habitat
562 1116 612 1153 in
638 1113 897 1153 nemoribus
927 1115 1111 1154 Scaniae
1145 1122 1190 1152 et
1222 1113 1343 1163 alibi,
1374 1118 1546 1167 passim.

100 1227 121 1238 „
252 1193 352 1232 Mis
397 1200 441 1229 et
484 1192 601 1233 Fam·
654 1192 824 1242 Corpus
853 1199 1003 1231 totum
1049 1194 1250 1244 nigrum,
1292 1193 1506 1241 nitidum,
1538 1207 1631 1234 non
1668 1197 1802 1238 dense

83 1249 494 1298 cinereo-pilosum,
542 1248 780 1298 Empide
831 1261 1027 1287 maura
1077 1249 1231 1300 paullo
1280 1248 1435 1296 majus,
1499 1250 1679 1290 Thorax
1710 1255 1801 1293 val-

81 1305 134 1344 de
169 1304 340 1355 gibbus,
373 1304 516 1353 capite
548 1303 867 1354 duplo-major.
929 1304 1159 1343 Abdomen
1201 1305 1388 1352 lineare,
1439 1307 1583 1355 capite
1631 1310 1706 1348 vix
1735 1310 1800 1349 la—

79 1362 186 1408 tius,
218 1368 260 1398 at
292 1358 472 1397 thorace
499 1359 643 1397 multo
680 1362 921 1406 angustius·
983 1361 1122 1400 Pedes
1152 1362 1302 1412 nigri3
1357 1363 1602 1401 anteriores
1627 1366 1799 1416 simpli-

82 1429 174 1455 ces:
232 1416 360 1458 tarsis
392 1415 624 1458 interdum
655 1416 808 1461 flavis3
867 1416 1035 1454 femora
1072 1419 1238 1466 postica
1270 1418 1396 1457 valde
1428 1419 1677 1464 incrassata,
1699 1422 1798 1459 sub-

77 1479 148 1510 tus
180 1471 420 1521 spinulosa,
466 1472 665 1508 crassitie
696 1479 740 1509 et
784 1472 879 1509 fere
912 1471 1197 1523 longitudine
1246 1473 1504 1513 abdominis.
1570 1475 1679 1513 Alae
1706 1490 1798 1516 ma-

78 1529 141 1579 gis
171 1529 373 1566 minusve
404 1527 574 1565 fuscae:
629 1529 743 1566 vitta
770 1528 1021 1566 ad-costaem
1048 1527 1318 1570 obscuriore.
1378 1531 1589 1570 Halteres
1617 1531 1720 1571 albi.

77 1672 123 1708 2.
199 1663 258 1708 H.
328 1659 619 1720 flavipes
679 1662 844 1722 niger,
874 1662 1092 1720 pedibus
1127 1662 1468 1710 anterioribus
1501 1664 1669 1720 flavi53
1704 1666 1799 1713 alis

227 1727 460 1787 hyaliniS.
1765 1741 1769 1742 ’

240 1835 370 1880 Fabr.
401 1838 522 1876 Antl.
564 1848 653 1887 145.
691 1851 728 1879 2.
770 1840 906 1890 Meig.
946 1841 1077 1890 Diptff
1108 1853 1143 1883 1.
1180 1853 1272 1892 240.
1305 1854 1345 1885 2.

596 1916 785 1956 Habitat
817 1920 917 1956 eum
946 1919 1256 1968 praecedente.

237 1989 339 2028 MAs
387 1998 431 2029 et
487 1992 598 2031 Fam.
649 1995 827 2033 Statura
870 2002 914 2032 et
958 2008 1129 2034 summa
1158 1994 1466 2046 praecedentis
1513 1993 1794 2044 similitud03

70 2048 115 2079 at
153 2054 278 2093 saepe
307 2047 459 2095 paullo
489 2050 649 2086 minor.
685 2049 817 2088 Oculi
847 2051 895 2088 in
926 2052 1036 2089 vivis
1078 2053 1261 2091 obscure
1291 2051 1554 2100 ferruginei.
1592 2051 1790 2102 Clypeus

69 2094 267 2146 linearis,
300 2110 525 2152 angustus,
561 2104 696 2144 albus.
760 2106 929 2155 Corpus
979 2109 1160 2158 nigrum
1189 2107 1404 2153 nitidum,
1437 2117 1530 2143 non
1559 2104 1693 2145 dense
1722 2110 1789 2158 Pi·

68 2151 238 2191 losum:
291 2166 449 2196 ventre
480 2158 660 2210 pallido.
728 2161 966 2211 segmenta
1004 2172 1190 2214 septem,
1231 2170 1409 2216 praeter
1442 2160 1584 2200 anale.
1648 2164 1787 2202 Pedes

69 2210 211 2247 antici
241 2218 285 2248 et
313 2214 574 2254 intermedii
607 2216 727 2263 flavi,
766 2217 1014 2267 simplices3
1064 2221 1224 2270 postici
1273 2219 1422 2267 nigri:
1476 2219 1604 2256 tarsis
1643 2218 1784 2258 flavis.

68 2263 309 2306 Praeterea
333 2277 558 2310 structura
603 2273 766 2322 pedum
795 2285 1126 2325 nervorumque
1178 2277 1227 2314 in
1276 2275 1356 2314 alis
1385 2273 1575 2312 directio
1605 2276 1789 2313 omnino

69 2320 223 2384 eadem
255 2329 301 2405 εξ
327 2326 489 2366 similis
521 2336 656 2383 atque
687 2329 739 2368 in
763 2328 826 2368 Hm
858 2328 1063 2379 funebri3
1091 2339 1135 2371 et
1163 2330 1297 2382 hujus
1327 2329 1638 2374 verisimiliter
1666 2342 1791 2370 mer&

67 2384 256 2416 varietas
283 2408 293 2416 .

1676 2540 1773 2587 TA-
